@ARTICLE{Adamo2010,
   author = {{Adamo}, A. and {{\"O}stlin}, G. and {Zackrisson}, E. and {Hayes}, M. and 
	{Cumming}, R.~J. and {Micheva}, G.},
    title = "{Super star clusters in Haro 11: properties of a very young starburst and evidence for a near-infrared flux excess}",
  journal = {\mnras},
archivePrefix = "arXiv",
   eprint = {1005.1658},
 keywords = {galaxies: irregular, galaxies: starburst, galaxies: star clusters: individual: Haro 11},
     year = 2010,
    month = sep,
   volume = 407,
    pages = {870-890},
      doi = {10.1111/j.1365-2966.2010.16983.x},
   adsurl = {http://adsabs.harvard.edu/abs/2010MNRAS.407..870A},
  adsnote = {Provided by the SAO/NASA Astrophysics Data System}
}


@ARTICLE{Alexandroff2015,
   author = {{Alexandroff}, R.~M. and {Heckman}, T.~M. and {Borthakur}, S. and 
	{Overzier}, R. and {Leitherer}, C.},
    title = "{Indirect Evidence for Escaping Ionizing Photons in Local Lyman Break Galaxy Analogs}",
  journal = {\apj},
archivePrefix = "arXiv",
   eprint = {1504.02446},
 keywords = {galaxies: evolution, galaxies: ISM, ISM: jets and outflows},
     year = 2015,
    month = sep,
   volume = 810,
      eid = {104},
    pages = {104},
      doi = {10.1088/0004-637X/810/2/104},
   adsurl = {http://adsabs.harvard.edu/abs/2015ApJ...810..104A},
  adsnote = {Provided by the SAO/NASA Astrophysics Data System}
}


@ARTICLE{Amorin2010,
   author = {{Amor{\'{\i}}n}, R.~O. and {P{\'e}rez-Montero}, E. and {V{\'{\i}}lchez}, J.~M.
	},
    title = "{On the Oxygen and Nitrogen Chemical Abundances and the Evolution of the ''Green Pea'' Galaxies}",
  journal = {\apjl},
archivePrefix = "arXiv",
   eprint = {1004.4910},
 keywords = {galaxies: abundances, galaxies: dwarf, galaxies: evolution, galaxies: starburst},
     year = 2010,
    month = jun,
   volume = 715,
    pages = {L128-L132},
      doi = {10.1088/2041-8205/715/2/L128},
   adsurl = {http://adsabs.harvard.edu/abs/2010ApJ...715L.128A},
  adsnote = {Provided by the SAO/NASA Astrophysics Data System}
}

@INBOOK{Amorin2012,
   author = {{Amor{\'{\i}}n}, R.~O. and {V{\'{\i}}lchez}, J.~M. and {P{\'e}rez-Montero}, E.
	},
    title = "{Unveiling the Nature of the ''Green Pea'' Galaxies}",
 keywords = {Physics},
booktitle = {Dwarf Galaxies: Keys to Galaxy Formation and Evolution},
     year = 2012,
   editor = {{Papaderos}, P. and {Recchi}, S. and {Hensler}, G.},
    pages = {243},
      doi = {10.1007/978-3-642-22018-0_28},
   adsurl = {http://adsabs.harvard.edu/abs/2012dgkg.book..243A},
  adsnote = {Provided by the SAO/NASA Astrophysics Data System}
}


@ARTICLE{Asplund2009,
   author = {{Asplund}, M. and {Grevesse}, N. and {Sauval}, A.~J. and {Scott}, P.
	},
    title = "{The Chemical Composition of the Sun}",
  journal = {\araa},
archivePrefix = "arXiv",
   eprint = {0909.0948},
 primaryClass = "astro-ph.SR",
     year = 2009,
    month = sep,
   volume = 47,
    pages = {481-522},
      doi = {10.1146/annurev.astro.46.060407.145222},
   adsurl = {http://adsabs.harvard.edu/abs/2009ARA%26A..47..481A},
  adsnote = {Provided by the SAO/NASA Astrophysics Data System}
}

@ARTICLE{Astropy2013,
   author = {{Astropy Collaboration} and {Robitaille}, T.~P. and {Tollerud}, E.~J. and 
	{Greenfield}, P. and {Droettboom}, M. and {Bray}, E. and {Aldcroft}, T. and 
	{Davis}, M. and {Ginsburg}, A. and {Price-Whelan}, A.~M. and 
	{Kerzendorf}, W.~E. and {Conley}, A. and {Crighton}, N. and 
	{Barbary}, K. and {Muna}, D. and {Ferguson}, H. and {Grollier}, F. and 
	{Parikh}, M.~M. and {Nair}, P.~H. and {Unther}, H.~M. and {Deil}, C. and 
	{Woillez}, J. and {Conseil}, S. and {Kramer}, R. and {Turner}, J.~E.~H. and 
	{Singer}, L. and {Fox}, R. and {Weaver}, B.~A. and {Zabalza}, V. and 
	{Edwards}, Z.~I. and {Azalee Bostroem}, K. and {Burke}, D.~J. and 
	{Casey}, A.~R. and {Crawford}, S.~M. and {Dencheva}, N. and 
	{Ely}, J. and {Jenness}, T. and {Labrie}, K. and {Lim}, P.~L. and 
	{Pierfederici}, F. and {Pontzen}, A. and {Ptak}, A. and {Refsdal}, B. and 
	{Servillat}, M. and {Streicher}, O.},
    title = "{Astropy: A community Python package for astronomy}",
  journal = {\aap},
archivePrefix = "arXiv",
   eprint = {1307.6212},
 primaryClass = "astro-ph.IM",
 keywords = {methods: data analysis, methods: miscellaneous, virtual observatory tools},
     year = 2013,
    month = oct,
   volume = 558,
      eid = {A33},
    pages = {A33},
      doi = {10.1051/0004-6361/201322068},
   adsurl = {http://adsabs.harvard.edu/abs/2013A%26A...558A..33A},
  adsnote = {Provided by the SAO/NASA Astrophysics Data System}
}


@ARTICLE{Atek2008,
   author = {{Atek}, H. and {Kunth}, D. and {Hayes}, M. and {{\"O}stlin}, G. and 
	{Mas-Hesse}, J.~M.},
    title = "{On the detectability of Ly{$\alpha$} emission in star forming galaxies. The role of dust}",
  journal = {\aap},
archivePrefix = "arXiv",
   eprint = {0805.3501},
 keywords = {galaxies: starburst, galaxies: ISM, ultraviolet: galaxies, ISM: dust, extinction, galaxies: general},
     year = 2008,
    month = sep,
   volume = 488,
    pages = {491-509},
      doi = {10.1051/0004-6361:200809527},
   adsurl = {http://adsabs.harvard.edu/abs/2008A%26A...488..491A},
  adsnote = {Provided by the SAO/NASA Astrophysics Data System}
}


@ARTICLE{Atek2009,
   author = {{Atek}, H. and {Kunth}, D. and {Schaerer}, D. and {Hayes}, M. and 
	{Deharveng}, J.~M. and {{\"O}stlin}, G. and {Mas-Hesse}, J.~M.
	},
    title = "{Empirical estimate of Ly{$\alpha$} escape fraction in a statistical sample of Ly{$\alpha$} emitters}",
  journal = {\aap},
archivePrefix = "arXiv",
   eprint = {0906.5349},
 primaryClass = "astro-ph.CO",
 keywords = {galaxies: starburst, galaxies: ISM, ultraviolet: galaxies, ISM: dust, extinction},
     year = 2009,
    month = nov,
   volume = 506,
    pages = {L1-L4},
      doi = {10.1051/0004-6361/200912787},
   adsurl = {http://adsabs.harvard.edu/abs/2009A%26A...506L...1A},
  adsnote = {Provided by the SAO/NASA Astrophysics Data System}
}

@ARTICLE{Atek2015,
   author = {{Atek}, H. and {Richard}, J. and {Kneib}, J.-P. and {Jauzac}, M. and 
	{Schaerer}, D. and {Clement}, B. and {Limousin}, M. and {Jullo}, E. and 
	{Natarajan}, P. and {Egami}, E. and {Ebeling}, H.},
    title = "{New Constraints on the Faint End of the UV Luminosity Function at z \~{} 7-8 Using the Gravitational Lensing of the Hubble Frontier Fields Cluster A2744}",
  journal = {\apj},
archivePrefix = "arXiv",
   eprint = {1409.0512},
 keywords = {galaxies: evolution, galaxies: high-redshift, galaxies: luminosity function, mass function, gravitational lensing: strong},
     year = 2015,
    month = feb,
   volume = 800,
      eid = {18},
    pages = {18},
      doi = {10.1088/0004-637X/800/1/18},
   adsurl = {http://adsabs.harvard.edu/abs/2015ApJ...800...18A},
  adsnote = {Provided by the SAO/NASA Astrophysics Data System}
}

@ARTICLE{Baldwin1981,
   author = {{Baldwin}, J.~A. and {Phillips}, M.~M. and {Terlevich}, R.},
    title = "{Classification parameters for the emission-line spectra of extragalactic objects}",
  journal = {\pasp},
 keywords = {Astronomical Spectroscopy, Emission Spectra, Line Spectra, Quasars, Seyfert Galaxies, Classifications, H Ii Regions, Photoionization, Planetary Nebulae, Shock Heating},
     year = 1981,
    month = feb,
   volume = 93,
    pages = {5-19},
      doi = {10.1086/130766},
   adsurl = {http://adsabs.harvard.edu/abs/1981PASP...93....5B},
  adsnote = {Provided by the SAO/NASA Astrophysics Data System}
}


@ARTICLE{BasuZych2016,
   author = {{Basu-Zych}, A.~R. and {Lehmer}, B. and {Fragos}, T. and {Hornschemeier}, A. and 
	{Yukita}, M. and {Zezas}, A. and {Ptak}, A.},
    title = "{Exploring the Overabundance of ULXs in Metal- and Dust-poor Local Lyman Break Analogs}",
  journal = {\apj},
archivePrefix = "arXiv",
   eprint = {1601.00644},
 keywords = {galaxies: evolution, galaxies: individual: Haro 11, VV 114, galaxies: starburst, X-rays: binaries, X-rays: galaxies},
     year = 2016,
    month = feb,
   volume = 818,
      eid = {140},
    pages = {140},
      doi = {10.3847/0004-637X/818/2/140},
   adsurl = {http://adsabs.harvard.edu/abs/2016ApJ...818..140B},
  adsnote = {Provided by the SAO/NASA Astrophysics Data System}
}

@ARTICLE{Bergvall1985,
   author = {{Bergvall}, N.},
    title = "{Star formation and chemical abundances in the blue compact galaxy ESO 338 - IG04}",
  journal = {\aap},
 keywords = {Abundance, Chemical Composition, Compact Galaxies, Density Distribution, Galactic Evolution, Star Formation, Ubv Spectra, Astronomical Models, Astronomical Spectroscopy, Galactic Structure, H Alpha Line, Helium, Hot Stars, Stellar Color, Stellar Luminosity},
     year = 1985,
    month = may,
   volume = 146,
    pages = {269-281},
   adsurl = {http://adsabs.harvard.edu/abs/1985A%26A...146..269B},
  adsnote = {Provided by the SAO/NASA Astrophysics Data System}
}



@ARTICLE{Bergvall2000,
   author = {{Bergvall}, N. and {Masegosa}, J. and {{\"O}stlin}, G. and {Cernicharo}, J.
	},
    title = "{LWS spectroscopy of the luminous blue compact galaxy Haro 11}",
  journal = {\aap},
   eprint = {astro-ph/0005178},
 keywords = {GALAXIES: COMPACT, GALAXIES: EVOLUTION, GALAXIES: INDIVIDUAL: ESO 350-IG38, GALAXIES: INDIVIDUAL: HARO 11, GALAXIES: STARBURST, INFRARED: GALAXIES},
     year = 2000,
    month = jul,
   volume = 359,
    pages = {41-50},
   adsurl = {http://adsabs.harvard.edu/abs/2000A%26A...359...41B},
  adsnote = {Provided by the SAO/NASA Astrophysics Data System}
}


@ARTICLE{BergvallOstlin2002,
   author = {{Bergvall}, N. and {{\"O}stlin}, G.},
    title = "{Massive (?) starburst hosts of blue compact galaxies (BCGs). Optical/near-IR observations of 4 BCGs and their companions}",
  journal = {\aap},
 keywords = {galaxies: evolution, galaxies: formation, galaxies: starburst, galaxies: dwarfs},
     year = 2002,
    month = aug,
   volume = 390,
    pages = {891-915},
      doi = {10.1051/0004-6361:20020759},
   adsurl = {http://adsabs.harvard.edu/abs/2002A%26A...390..891B},
  adsnote = {Provided by the SAO/NASA Astrophysics Data System}
}

@ARTICLE{Bergvall2006,
   author = {{Bergvall}, N. and {Zackrisson}, E. and {Andersson}, B.-G. and 
	{Arnberg}, D. and {Masegosa}, J. and {{\"O}stlin}, G.},
    title = "{First detection of Lyman continuum escape from a local starburst galaxy. I. Observations of the luminous blue compact galaxy Haro 11 with the Far Ultraviolet Spectroscopic Explorer (FUSE)}",
  journal = {\aap},
     year = 2006,
    month = mar,
   volume = 448,
    pages = {513-524},
      doi = {10.1051/0004-6361:20053788},
   adsurl = {http://adsabs.harvard.edu/abs/2006A%26A...448..513B},
  adsnote = {Provided by the SAO/NASA Astrophysics Data System}
}


@ARTICLE{Bik2015,
   author = {{Bik}, A. and {{\"O}stlin}, G. and {Hayes}, M. and {Adamo}, A. and 
	{Melinder}, J. and {Amram}, P.},
    title = "{VLT/MUSE view of the highly ionized outflow cones in the nearby starburst ESO338-IG04}",
  journal = {\aap},
archivePrefix = "arXiv",
   eprint = {1503.06626},
 keywords = {galaxies: starburst, galaxies: individual: ESO338-IG04, galaxies: kinematics and dynamics},
     year = 2015,
    month = apr,
   volume = 576,
      eid = {L13},
    pages = {L13},
      doi = {10.1051/0004-6361/201525850},
   adsurl = {http://adsabs.harvard.edu/abs/2015A%26A...576L..13B},
  adsnote = {Provided by the SAO/NASA Astrophysics Data System}
}

@ARTICLE{Borthakur2014,
   author = {{Borthakur}, S. and {Heckman}, T.~M. and {Leitherer}, C. and 
	{Overzier}, R.~A.},
    title = "{A local clue to the reionization of the universe}",
  journal = {Science},
archivePrefix = "arXiv",
   eprint = {1410.3511},
     year = 2014,
    month = oct,
   volume = 346,
    pages = {216-219},
      doi = {10.1126/science.1254214},
   adsurl = {http://adsabs.harvard.edu/abs/2014Sci...346..216B},
  adsnote = {Provided by the SAO/NASA Astrophysics Data System}
}


@ARTICLE{Bouwens2011,
   author = {{Bouwens}, R.~J. and {Illingworth}, G.~D. and {Oesch}, P.~A. and 
	{Labb{\'e}}, I. and {Trenti}, M. and {van Dokkum}, P. and {Franx}, M. and 
	{Stiavelli}, M. and {Carollo}, C.~M. and {Magee}, D. and {Gonzalez}, V.
	},
    title = "{Ultraviolet Luminosity Functions from 132 z \~{} 7 and z \~{} 8 Lyman-break Galaxies in the Ultra-deep HUDF09 and Wide-area Early Release Science WFC3/IR Observations}",
  journal = {\apj},
archivePrefix = "arXiv",
   eprint = {1006.4360},
 keywords = {galaxies: evolution, galaxies: high-redshift},
     year = 2011,
    month = aug,
   volume = 737,
      eid = {90},
    pages = {90},
      doi = {10.1088/0004-637X/737/2/90},
   adsurl = {http://adsabs.harvard.edu/abs/2011ApJ...737...90B},
  adsnote = {Provided by the SAO/NASA Astrophysics Data System}
}

@ARTICLE{Bouwens2012,
   author = {{Bouwens}, R.~J. and {Illingworth}, G.~D. and {Oesch}, P.~A. and 
	{Trenti}, M. and {Labb{\'e}}, I. and {Franx}, M. and {Stiavelli}, M. and 
	{Carollo}, C.~M. and {van Dokkum}, P. and {Magee}, D.},
    title = "{Lower-luminosity Galaxies Could Reionize the Universe: Very Steep Faint-end Slopes to the UV Luminosity Functions at z $\gt$= 5-8 from the HUDF09 WFC3/IR Observations}",
  journal = {\apjl},
archivePrefix = "arXiv",
   eprint = {1105.2038},
 keywords = {galaxies: evolution, galaxies: high-redshift},
     year = 2012,
    month = jun,
   volume = 752,
      eid = {L5},
    pages = {L5},
      doi = {10.1088/2041-8205/752/1/L5},
   adsurl = {http://adsabs.harvard.edu/abs/2012ApJ...752L...5B},
  adsnote = {Provided by the SAO/NASA Astrophysics Data System}
}



@ARTICLE{Calzetti1992,
   author = {{Calzetti}, D. and {Kinney}, A.~L.},
    title = "{Lyman-alpha emission in star-forming galaxies - Low-redshift counterparts of primeval galaxies?}",
  journal = {\apjl},
 keywords = {Lyman Alpha Radiation, Markarian Galaxies, Red Shift, Starburst Galaxies, Emission Spectra, Interstellar Extinction, Magellanic Clouds, Metallicity, Visible Spectrum},
     year = 1992,
    month = nov,
   volume = 399,
    pages = {L39-L42},
      doi = {10.1086/186601},
   adsurl = {http://adsabs.harvard.edu/abs/1992ApJ...399L..39C},
  adsnote = {Provided by the SAO/NASA Astrophysics Data System}
}


@ARTICLE{Calzetti2000,
   author = {{Calzetti}, D. and {Armus}, L. and {Bohlin}, R.~C. and {Kinney}, A.~L. and 
	{Koornneef}, J. and {Storchi-Bergmann}, T.},
    title = "{The Dust Content and Opacity of Actively Star-forming Galaxies}",
  journal = {\apj},
   eprint = {astro-ph/9911459},
 keywords = {GALAXIES: STARBURST, INFRARED: GALAXIES, INFRARED: ISM: CONTINUUM, ISM: DUST, EXTINCTION},
     year = 2000,
    month = apr,
   volume = 533,
    pages = {682-695},
      doi = {10.1086/308692},
   adsurl = {http://adsabs.harvard.edu/abs/2000ApJ...533..682C},
  adsnote = {Provided by the SAO/NASA Astrophysics Data System}
}


@ARTICLE{Cannon2004,
   author = {{Cannon}, J.~M. and {Skillman}, E.~D. and {Kunth}, D. and {Leitherer}, C. and 
	{Mas-Hesse}, M. and {{\"O}stlin}, G. and {Petrosian}, A.},
    title = "{Extended Tidal Structure in Two Ly{$\alpha$}-emitting Starburst Galaxies}",
  journal = {\apj},
   eprint = {astro-ph/0403191},
 keywords = {Galaxies: Individual: Name: Tol 1924-416, Galaxies: Individual: Alphanumeric: IRAS 08339+6517, Galaxies: Interactions, Galaxies: Starburst},
     year = 2004,
    month = jun,
   volume = 608,
    pages = {768-771},
      doi = {10.1086/420868},
   adsurl = {http://adsabs.harvard.edu/abs/2004ApJ...608..768C},
  adsnote = {Provided by the SAO/NASA Astrophysics Data System}
}


@ARTICLE{Capak2015,
   author = {{Capak}, P.~L. and {Carilli}, C. and {Jones}, G. and {Casey}, C.~M. and 
	{Riechers}, D. and {Sheth}, K. and {Carollo}, C.~M. and {Ilbert}, O. and 
	{Karim}, A. and {Lefevre}, O. and {Lilly}, S. and {Scoville}, N. and 
	{Smolcic}, V. and {Yan}, L.},
    title = "{Galaxies at redshifts 5 to 6 with systematically low dust content and high [C II] emission}",
  journal = {\nat},
archivePrefix = "arXiv",
   eprint = {1503.07596},
     year = 2015,
    month = jun,
   volume = 522,
    pages = {455-458},
      doi = {10.1038/nature14500},
   adsurl = {http://adsabs.harvard.edu/abs/2015Natur.522..455C},
  adsnote = {Provided by the SAO/NASA Astrophysics Data System}
}

@ARTICLE{Cardamone2009,
   author = {{Cardamone}, C. and {Schawinski}, K. and {Sarzi}, M. and {Bamford}, S.~P. and 
	{Bennert}, N. and {Urry}, C.~M. and {Lintott}, C. and {Keel}, W.~C. and 
	{Parejko}, J. and {Nichol}, R.~C. and {Thomas}, D. and {Andreescu}, D. and 
	{Murray}, P. and {Raddick}, M.~J. and {Slosar}, A. and {Szalay}, A. and 
	{Vandenberg}, J.},
    title = "{Galaxy Zoo Green Peas: discovery of a class of compact extremely star-forming galaxies}",
  journal = {\mnras},
archivePrefix = "arXiv",
   eprint = {0907.4155},
 keywords = {galaxies: dwarf , galaxies: evolution , galaxies: formation , galaxies: high-redshift , galaxies: Seyfert , galaxies: starburst},
     year = 2009,
    month = nov,
   volume = 399,
    pages = {1191-1205},
      doi = {10.1111/j.1365-2966.2009.15383.x},
   adsurl = {http://adsabs.harvard.edu/abs/2009MNRAS.399.1191C},
  adsnote = {Provided by the SAO/NASA Astrophysics Data System}
}


@ARTICLE{Cardelli1989,
   author = {{Cardelli}, J.~A. and {Clayton}, G.~C. and {Mathis}, J.~S.},
    title = "{The relationship between infrared, optical, and ultraviolet extinction}",
  journal = {\apj},
 keywords = {Infrared Spectra, Interstellar Extinction, Ultraviolet Spectra, Visible Spectrum, Computational Astrophysics, Interstellar Matter, Iue},
     year = 1989,
    month = oct,
   volume = 345,
    pages = {245-256},
      doi = {10.1086/167900},
   adsurl = {http://adsabs.harvard.edu/abs/1989ApJ...345..245C},
  adsnote = {Provided by the SAO/NASA Astrophysics Data System}
}

@ARTICLE{CharlotFall1993,
   author = {{Charlot}, S. and {Fall}, S.~M.},
    title = "{Lyman-Alpha Emission from Galaxies}",
  journal = {\apj},
 keywords = {GALAXIES: ACTIVE, GALAXIES: EVOLUTION, GALAXIES: ISM, GALAXIES: STELLAR CONTENT, ULTRAVIOLET: GALAXIES},
     year = 1993,
    month = oct,
   volume = 415,
    pages = {580},
      doi = {10.1086/173187},
   adsurl = {http://adsabs.harvard.edu/abs/1993ApJ...415..580C},
  adsnote = {Provided by the SAO/NASA Astrophysics Data System}
}

@article{Cleveland1979,
  title={Robust locally weighted regression and smoothing scatterplots},
  author={Cleveland, William S},
  journal={Journal of the American statistical association},
  volume={74},
  number={368},
  pages={829--836},
  year={1979},
  publisher={Taylor \& Francis Group}
}


@INPROCEEDINGS{Combes2005,
   author = {{Combes}, F.},
    title = "{Dynamical Triggering of Starbursts}",
 keywords = {star formation, Galaxy, gravitation, accretion, Starburst galaxies and infrared excess galaxies, Star formation, Accretion and accretion disks},
booktitle = {The Evolution of Starbursts},
     year = 2005,
   series = {American Institute of Physics Conference Series},
   volume = 783,
   eprint = {astro-ph/0410410},
   editor = {{H{\"u}ttmeister}, S. and {Manthey}, E. and {Bomans}, D. and 
	{Weis}, K.},
    month = aug,
    pages = {43-49},
      doi = {10.1063/1.2034965},
   adsurl = {http://adsabs.harvard.edu/abs/2005AIPC..783...43C},
  adsnote = {Provided by the SAO/NASA Astrophysics Data System}
}


@ARTICLE{Conselice2000,
   author = {{Conselice}, C.~J. and {Gallagher}, J.~S. and {Calzetti}, D. and 
	{Homeier}, N. and {Kinney}, A.},
    title = "{Panchromatic Study of Nearby Ultraviolet-bright Starburst Galaxies: Implications for Massive Star Formation and High-Redshift Galaxies}",
  journal = {\aj},
   eprint = {astro-ph/9910382},
 keywords = {GALAXIES: INDIVIDUAL (NGC 3310, NGC 3351, NGC 3690, NGC 3991, NGC 4861, NGC 7673), GALAXIES: INTERACTIONS, GALAXIES: STARBURST, GALAXIES: STRUCTURE},
     year = 2000,
    month = jan,
   volume = 119,
    pages = {79-93},
      doi = {10.1086/301174},
   adsurl = {http://adsabs.harvard.edu/abs/2000AJ....119...79C},
  adsnote = {Provided by the SAO/NASA Astrophysics Data System}
}

@manual{CosHandbook,
        author = {Holland, S. T. and others },
         title = {Cosmic Origins Spectrograph Instrument Handbook},
  organization = {Baltimore: STScI},
          year = 2014,
       edition = {6.0},
}

@TECHREPORT{CosImaging,
   author = {{Goudfrooij}, P. and {Burgh}, E. and {Aloisi}, A. and {Hartig}, G. and 
	{Penton}, S.},
    title = "{SMOV: COS NUV Imaging Performance}",
 keywords = {Hubble Space Telescope, HST, Space Telescope Science Institute, COS, Cosmic Origins Spectrograph},
booktitle = {Instrument Science Report COS 2010-10(v1), 17 pages},
     year = 2010,
    month = mar,
    pages = {10},
   adsurl = {http://adsabs.harvard.edu/abs/2010cos..rept...10G},
  adsnote = {Provided by the SAO/NASA Astrophysics Data System}
}



@ARTICLE{Cowie1998,
   author = {{Cowie}, L.~L. and {Hu}, E.~M.},
    title = "{High-z Lyalpha Emitters. I. A Blank-Field Search for Objects near Redshift Z = 3.4 in and around the Hubble Deep Field and the Hawaii Deep Field SSA 22}",
  journal = {\aj},
   eprint = {astro-ph/9801003},
 keywords = {COSMOLOGY: OBSERVATIONS, EARLY UNIVERSE, GALAXIES: EVOLUTION, GALAXIES: FORMATION},
     year = 1998,
    month = apr,
   volume = 115,
    pages = {1319-1328},
      doi = {10.1086/300309},
   adsurl = {http://adsabs.harvard.edu/abs/1998AJ....115.1319C},
  adsnote = {Provided by the SAO/NASA Astrophysics Data System}
}


@ARTICLE{Cowie2009,
   author = {{Cowie}, L.~L. and {Barger}, A.~J. and {Trouille}, L.},
    title = "{Measuring the Sources of the Intergalactic Ionizing Flux}",
  journal = {\apj},
archivePrefix = "arXiv",
   eprint = {0811.1042},
 keywords = {cosmology: observations, diffuse radiation, galaxies: active, intergalactic medium},
     year = 2009,
    month = feb,
   volume = 692,
    pages = {1476-1488},
      doi = {10.1088/0004-637X/692/2/1476},
   adsurl = {http://adsabs.harvard.edu/abs/2009ApJ...692.1476C},
  adsnote = {Provided by the SAO/NASA Astrophysics Data System}
}

@ARTICLE{Cumming2008,
   author = {{Cumming}, R.~J. and {Fathi}, K. and {{\"O}stlin}, G. and {Marquart}, T. and 
	{M{\'a}rquez}, I. and {Masegosa}, J. and {Bergvall}, N. and 
	{Amram}, P.},
    title = "{Stellar dynamics of blue compact galaxies. II. Further indications of a merger in ESO 338-IG04}",
  journal = {\aap},
archivePrefix = "arXiv",
   eprint = {0710.4534},
 keywords = {galaxies: evolution, galaxies: kinematics and dynamics, galaxies: individual: ESO 338-IG04, galaxies: starburst, galaxies: interactions,},
     year = 2008,
    month = mar,
   volume = 479,
    pages = {725-733},
      doi = {10.1051/0004-6361:20078916},
   adsurl = {http://adsabs.harvard.edu/abs/2008A%26A...479..725C},
  adsnote = {Provided by the SAO/NASA Astrophysics Data System}
}

@ARTICLE{Hu1998,
   author = {{Hu}, E.~M. and {Cowie}, L.~L. and {McMahon}, R.~G.},
    title = "{The Density of Ly{$\alpha$} Emitters at Very High Redshift}",
  journal = {\apjl},
   eprint = {astro-ph/9803011},
 keywords = {COSMOLOGY: OBSERVATIONS, COSMOLOGY: EARLY UNIVERSE, GALAXIES: EVOLUTION, GALAXIES: FORMATION, Cosmology: Observations, Cosmology: Early Universe, Galaxies: Evolution, Galaxies: Formation},
     year = 1998,
    month = aug,
   volume = 502,
    pages = {L99-L103},
      doi = {10.1086/311506},
   adsurl = {http://adsabs.harvard.edu/abs/1998ApJ...502L..99H},
  adsnote = {Provided by the SAO/NASA Astrophysics Data System}
}


@ARTICLE{DijkstraRev,
   author = {{Dijkstra}, M.},
    title = "{Ly{$\alpha$} Emitting Galaxies as a Probe of Reionisation}",
  journal = {\pasa},
archivePrefix = "arXiv",
   eprint = {1406.7292},
 keywords = {cosmology: dark ages, reionisation, first stars, galaxies: intergalactic medium, high redshift, radiative transfer, scattering, ultraviolet: galaxies},
     year = 2014,
    month = oct,
   volume = 31,
      eid = {e040},
    pages = {40},
      doi = {10.1017/pasa.2014.33},
   adsurl = {http://adsabs.harvard.edu/abs/2014PASA...31...40D},
  adsnote = {Provided by the SAO/NASA Astrophysics Data System}
}

@ARTICLE{Dijkstra2006,
   author = {{Dijkstra}, M. and {Haiman}, Z. and {Spaans}, M.},
    title = "{Ly{$\alpha$} Radiation from Collapsing Protogalaxies. I. Characteristics of the Emergent Spectrum}",
  journal = {\apj},
   eprint = {astro-ph/0510407},
 keywords = {Cosmology: Theory, Galaxies: Formation, Galaxies: Halos, Galaxies: Intergalactic Medium, Galaxies: Quasars: General, Radiative Transfer},
     year = 2006,
    month = sep,
   volume = 649,
    pages = {14-36},
      doi = {10.1086/506243},
   adsurl = {http://adsabs.harvard.edu/abs/2006ApJ...649...14D},
  adsnote = {Provided by the SAO/NASA Astrophysics Data System}
}


@ARTICLE{Dijkstra2007,
   author = {{Dijkstra}, M. and {Wyithe}, J.~S.~B. and {Haiman}, Z.},
    title = "{Luminosity functions of Ly{$\alpha$} emitting galaxies and cosmic reionization of hydrogen}",
  journal = {\mnras},
   eprint = {astro-ph/0611195},
 keywords = {galaxies: high-redshift, galaxies: statistics, cosmology: theory},
     year = 2007,
    month = jul,
   volume = 379,
    pages = {253-259},
      doi = {10.1111/j.1365-2966.2007.11936.x},
   adsurl = {http://adsabs.harvard.edu/abs/2007MNRAS.379..253D},
  adsnote = {Provided by the SAO/NASA Astrophysics Data System}
}

@ARTICLE{Duval2014,
   author = {{Duval}, F. and {Schaerer}, D. and {{\"O}stlin}, G. and {Laursen}, P.},
    title = "{Lyman {$\alpha$} line and continuum radiative transfer in a clumpy interstellar medium}",
  journal = {\aap},
archivePrefix = "arXiv",
   eprint = {1302.7042},
 primaryClass = "astro-ph.GA",
 keywords = {galaxies: starburst, galaxies: ISM, galaxies: high-redshift, ultraviolet: galaxies, radiative transfer, line: profiles},
     year = 2014,
    month = feb,
   volume = 562,
      eid = {A52},
    pages = {A52},
      doi = {10.1051/0004-6361/201220455},
   adsurl = {http://adsabs.harvard.edu/abs/2014A\%26A...562A..52D},
  adsnote = {Provided by the SAO/NASA Astrophysics Data System}
}


@ARTICLE{Duval2016,
   author = {{Duval}, F. and {{\"O}stlin}, G. and {Hayes}, M. and {Zackrisson}, E. and 
	{Verhamme}, A. and {Orlitova}, I. and {Adamo}, A. and {Guaita}, L. and 
	{Melinder}, J. and {Cannon}, J.~M. and {Laursen}, P. and {Rivera-Thorsen}, T. and 
	{Herenz}, E.~C. and {Gruyters}, P. and {Mas-Hesse}, J.~M. and 
	{Kunth}, D. and {Sandberg}, A. and {Schaerer}, D. and {M{\aa}nsson}, T.
	},
    title = "{The Lyman alpha reference sample. VI. Lyman alpha escape from the edge-on disk galaxy Mrk 1486}",
  journal = {\aap},
archivePrefix = "arXiv",
   eprint = {1512.00860},
 keywords = {galaxies: starburst, galaxies: ISM, submillimeter: galaxies, radiative transfer, line: profiles},
     year = 2016,
    month = mar,
   volume = 587,
      eid = {A77},
    pages = {A77},
      doi = {10.1051/0004-6361/201526876},
   adsurl = {http://adsabs.harvard.edu/abs/2016A%26A...587A..77D},
  adsnote = {Provided by the SAO/NASA Astrophysics Data System}
}

@ARTICLE{Ellison2011,
   author = {{Ellison}, S.~L. and {Patton}, D.~R. and {Mendel}, J.~T. and 
	{Scudder}, J.~M.},
    title = "{Galaxy pairs in the Sloan Digital Sky Survey - IV. Interactions trigger active galactic nuclei}",
  journal = {\mnras},
archivePrefix = "arXiv",
   eprint = {1108.2711},
 keywords = {galaxies: active, galaxies: interactions},
     year = 2011,
    month = dec,
   volume = 418,
    pages = {2043-2053},
      doi = {10.1111/j.1365-2966.2011.19624.x},
   adsurl = {http://adsabs.harvard.edu/abs/2011MNRAS.418.2043E},
  adsnote = {Provided by the SAO/NASA Astrophysics Data System}
}

@ARTICLE{Erb2006,
   author = {{Erb}, D.~K. and {Shapley}, A.~E. and {Pettini}, M. and {Steidel}, C.~C. and 
	{Reddy}, N.~A. and {Adelberger}, K.~L.},
    title = "{The Mass-Metallicity Relation at z{\gt}\~{}2}",
  journal = {\apj},
   eprint = {astro-ph/0602473},
 keywords = {Galaxies: Abundances, Galaxies: Evolution, Galaxies: High-Redshift},
     year = 2006,
    month = jun,
   volume = 644,
    pages = {813-828},
      doi = {10.1086/503623},
   adsurl = {http://adsabs.harvard.edu/abs/2006ApJ...644..813E},
  adsnote = {Provided by the SAO/NASA Astrophysics Data System}
}


@ARTICLE{Erb2010,
   author = {{Erb}, D.~K. and {Pettini}, M. and {Shapley}, A.~E. and {Steidel}, C.~C. and 
	{Law}, D.~R. and {Reddy}, N.~A.},
    title = "{Physical Conditions in a Young, Unreddened, Low-metallicity Galaxy at High Redshift}",
  journal = {\apj},
archivePrefix = "arXiv",
   eprint = {1006.5456},
 primaryClass = "astro-ph.CO",
 keywords = {galaxies: abundances, galaxies: evolution, galaxies: high-redshift},
     year = 2010,
    month = aug,
   volume = 719,
    pages = {1168-1190},
      doi = {10.1088/0004-637X/719/2/1168},
   adsurl = {http://adsabs.harvard.edu/abs/2010ApJ...719.1168E},
  adsnote = {Provided by the SAO/NASA Astrophysics Data System}
}


@ARTICLE{Erb2012,
author = {{Erb}, D.~K. and {Quider}, A.~M. and {Henry}, A.~L. and {Martin}, C.~L.
	},
 title = "{Galactic Outflows in Absorption and Emission: Near-ultraviolet Spectroscopy of Galaxies at 1 {\lt} z {\lt} 2}",
journal = {\apj},
archivePrefix = "arXiv",
   eprint = {1209.4903},
 primaryClass = "astro-ph.CO",
 keywords = {galaxies: evolution, galaxies: formation, galaxies: high-redshift},
     year = 2012,
    month = nov,
   volume = 759,
      eid = {26},
    pages = {26},
      doi = {10.1088/0004-637X/759/1/26},
   adsurl = {http://adsabs.harvard.edu/abs/2012ApJ...759...26E},
  adsnote = {Provided by the SAO/NASA Astrophysics Data System}
}


@ARTICLE{Erb2016,
   author = {{Erb}, D.~K.},
    title = "{Cosmology: Photons from dwarf galaxy zap hydrogen}",
  journal = {\nat},
     year = 2016,
    month = jan,
   volume = 529,
    pages = {159-160},
      doi = {10.1038/529159a},
   adsurl = {http://adsabs.harvard.edu/abs/2016Natur.529..159E},
  adsnote = {Provided by the SAO/NASA Astrophysics Data System}
}


@ARTICLE{Finkelstein2011,
   author = {{Finkelstein}, S.~L. and {Cohen}, S.~H. and {Moustakas}, J. and 
	{Malhotra}, S. and {Rhoads}, J.~E. and {Papovich}, C.},
    title = "{Dust Extinction and Metallicities of Star-forming Ly{$\alpha$} Emitting Galaxies at Low Redshift}",
  journal = {\apj},
archivePrefix = "arXiv",
   eprint = {1012.4010},
 keywords = {galaxies: evolution, galaxies: ISM},
     year = 2011,
    month = jun,
   volume = 733,
      eid = {117},
    pages = {117},
      doi = {10.1088/0004-637X/733/2/117},
   adsurl = {http://adsabs.harvard.edu/abs/2011ApJ...733..117F},
  adsnote = {Provided by the SAO/NASA Astrophysics Data System}
}


@ARTICLE{Finkelstein2011Hiz,
   author = {{Finkelstein}, S.~L. and {Hill}, G.~J. and {Gebhardt}, K. and 
	{Adams}, J. and {Blanc}, G.~A. and {Papovich}, C. and {Ciardullo}, R. and 
	{Drory}, N. and {Gawiser}, E. and {Gronwall}, C. and {Schneider}, D.~P. and 
	{Tran}, K.-V.},
    title = "{The HETDEX Pilot Survey. III. The Low Metallicities of High-redshift Ly{$\alpha$} Galaxies}",
  journal = {\apj},
archivePrefix = "arXiv",
   eprint = {1011.0431},
 keywords = {galaxies: evolution},
     year = 2011,
    month = mar,
   volume = 729,
      eid = {140},
    pages = {140},
      doi = {10.1088/0004-637X/729/2/140},
   adsurl = {http://adsabs.harvard.edu/abs/2011ApJ...729..140F},
  adsnote = {Provided by the SAO/NASA Astrophysics Data System}
}

@ARTICLE{France2010,
   author = {{France}, K. and {Nell}, N. and {Green}, J.~C. and {Leitherer}, C.
	},
    title = "{Diffuse Far-UV Line Emission from the Low-redshift Lyman Break Galaxy Analog KISSR242}",
  journal = {\apjl},
archivePrefix = "arXiv",
   eprint = {1009.1642},
 primaryClass = "astro-ph.CO",
 keywords = {galaxies: individual: KISSR242, galaxies: starburst, ultraviolet: galaxies},
     year = 2010,
    month = oct,
   volume = 722,
    pages = {L80-L84},
      doi = {10.1088/2041-8205/722/1/L80},
   adsurl = {http://adsabs.harvard.edu/abs/2010ApJ...722L..80F},
  adsnote = {Provided by the SAO/NASA Astrophysics Data System}
}


@ARTICLE{Fynbo2013,
   author = {{Fynbo}, J.~P.~U. and {Geier}, S.~J. and {Christensen}, L. and 
	{Gallazzi}, A. and {Krogager}, J.-K. and {Kr{\"u}hler}, T. and 
	{Ledoux}, C. and {Maund}, J.~R. and {M{\o}ller}, P. and {Noterdaeme}, P. and 
	{Rivera-Thorsen}, T. and {Vestergaard}, M.},
    title = "{On the two high-metallicity DLAs at z = 2.412 and 2.583 towards Q 0918+1636}",
  journal = {\mnras},
archivePrefix = "arXiv",
   eprint = {1306.2940},
 keywords = {galaxies: formation, galaxies: high-redshift, galaxies: ISM, quasars: absorption lines, quasars: individual: SDSS J 091826.16+163609.0, cosmology: observations},
     year = 2013,
    month = nov,
   volume = 436,
    pages = {361-370},
      doi = {10.1093/mnras/stt1579},
   adsurl = {http://adsabs.harvard.edu/abs/2013MNRAS.436..361F},
  adsnote = {Provided by the SAO/NASA Astrophysics Data System}
}


@ARTICLE{Garnett1995,
   author = {{Garnett}, D.~R. and {Dufour}, R.~J. and {Peimbert}, M. and 
	{Torres-Peimbert}, S. and {Shields}, G.~A. and {Skillman}, E.~D. and 
	{Terlevich}, E. and {Terlevich}, R.~J.},
    title = "{Si/O Abundance Ratios in Extragalactic H II Regions from Hubble Space Telescope UV Spectroscopy}",
  journal = {\apjl},
 keywords = {ISM: H II REGIONS, ISM: ABUNDANCES},
     year = 1995,
    month = aug,
   volume = 449,
    pages = {L77},
      doi = {10.1086/309620},
   adsurl = {http://adsabs.harvard.edu/abs/1995ApJ...449L..77G},
  adsnote = {Provided by the SAO/NASA Astrophysics Data System}
}


@ARTICLE{Gawiser2006,
   author = {{Gawiser}, E. and {van Dokkum}, P.~G. and {Gronwall}, C. and 
	{Ciardullo}, R. and {Blanc}, G.~A. and {Castander}, F.~J. and 
	{Feldmeier}, J. and {Francke}, H. and {Franx}, M. and {Haberzettl}, L. and 
	{Herrera}, D. and {Hickey}, T. and {Infante}, L. and {Lira}, P. and 
	{Maza}, J. and {Quadri}, R. and {Richardson}, A. and {Schawinski}, K. and 
	{Schirmer}, M. and {Taylor}, E.~N. and {Treister}, E. and {Urry}, C.~M. and 
	{Virani}, S.~N.},
    title = "{The Physical Nature of Ly{$\alpha$}-emitting Galaxies at z=3.1}",
  journal = {\apjl},
   eprint = {astro-ph/0603244},
 keywords = {Galaxies: High-Redshift},
     year = 2006,
    month = may,
   volume = 642,
    pages = {L13-L16},
      doi = {10.1086/504467},
   adsurl = {http://adsabs.harvard.edu/abs/2006ApJ...642L..13G},
  adsnote = {Provided by the SAO/NASA Astrophysics Data System}
}


@ARTICLE{Giavalisco1996,
   author = {{Giavalisco}, M. and {Koratkar}, A. and {Calzetti}, D.},
    title = "{Obscuration of LY alpha Photons in Star-forming Galaxies}",
  journal = {\apj},
 keywords = {GALAXIES: STARBURST, ISM: CLOUDS, ISM: DUST, EXTINCTION, ISM: H II REGIONS, ISM: STRUCTURE, STARS: FORMATION},
     year = 1996,
    month = aug,
   volume = 466,
    pages = {831},
      doi = {10.1086/177557},
   adsurl = {http://adsabs.harvard.edu/abs/1996ApJ...466..831G},
  adsnote = {Provided by the SAO/NASA Astrophysics Data System}
}


@ARTICLE{GonzDelgado1999,
   author = {{Gonz{\'a}lez Delgado}, R.~M. and {Leitherer}, C. and {Heckman}, T.~M.
	},
    title = "{Synthetic Spectra of H Balmer and HE I Absorption Lines. II. Evolutionary Synthesis Models for Starburst and Poststarburst Galaxies}",
  journal = {\apjs},
   eprint = {astro-ph/9907116},
 keywords = {GALAXIES: EVOLUTION, GALAXIES: FUNDAMENTAL PARAMETERS, GALAXIES: STARBURST, GALAXIES: STELLAR CONTENT, LINE: PROFILES, Galaxies: Evolution, Galaxies: Fundamental Parameters, galaxies: starburst, galaxies: stellar content, line: profiles},
     year = 1999,
    month = dec,
   volume = 125,
    pages = {489-509},
      doi = {10.1086/313285},
   adsurl = {http://adsabs.harvard.edu/abs/1999ApJS..125..489G},
  adsnote = {Provided by the SAO/NASA Astrophysics Data System}
}


@ARTICLE{GreenPea,
   author = {{Cardamone}, C. and {Schawinski}, K. and {Sarzi}, M. and {Bamford}, S.~P. and 
	{Bennert}, N. and {Urry}, C.~M. and {Lintott}, C. and {Keel}, W.~C. and 
	{Parejko}, J. and {Nichol}, R.~C. and {Thomas}, D. and {Andreescu}, D. and 
	{Murray}, P. and {Raddick}, M.~J. and {Slosar}, A. and {Szalay}, A. and 
	{Vandenberg}, J.},
    title = "{Galaxy Zoo Green Peas: discovery of a class of compact extremely star-forming galaxies}",
  journal = {\mnras},
archivePrefix = "arXiv",
   eprint = {0907.4155},
 primaryClass = "astro-ph.CO",
 keywords = {galaxies: dwarf , galaxies: evolution , galaxies: formation , galaxies: high-redshift , galaxies: Seyfert , galaxies: starburst},
     year = 2009,
    month = nov,
   volume = 399,
    pages = {1191-1205},
      doi = {10.1111/j.1365-2966.2009.15383.x},
   adsurl = {http://adsabs.harvard.edu/abs/2009MNRAS.399.1191C},
  adsnote = {Provided by the SAO/NASA Astrophysics Data System}
}


@ARTICLE{Grimes2007,
   author = {{Grimes}, J.~P. and {Heckman}, T. and {Strickland}, D. and {Dixon}, W.~V. and 
	{Sembach}, K. and {Overzier}, R. and {Hoopes}, C. and {Aloisi}, A. and 
	{Ptak}, A.},
    title = "{Feedback in the Local Lyman-break Galaxy Analog Haro 11 as Probed by Far-Ultraviolet and X-Ray Observations}",
  journal = {\apj},
archivePrefix = "arXiv",
   eprint = {0707.0693},
 keywords = {Galaxies: Halos, galaxies: individual (Haro 11), Galaxies: Starburst, Ultraviolet: Galaxies},
     year = 2007,
    month = oct,
   volume = 668,
    pages = {891-905},
      doi = {10.1086/521353},
   adsurl = {http://adsabs.harvard.edu/abs/2007ApJ...668..891G},
  adsnote = {Provided by the SAO/NASA Astrophysics Data System}
}


@ARTICLE{Grimes2009,
   author = {{Grimes}, J.~P. and {Heckman}, T. and {Aloisi}, A. and {Calzetti}, D. and 
	{Leitherer}, C. and {Martin}, C.~L. and {Meurer}, G. and {Sembach}, K. and 
	{Strickland}, D.},
    title = "{Observations of Starburst Galaxies With Far-Ultraviolet Spectrographic Explorer: Galactic Feedback in the Local Universe}",
  journal = {\apjs},
 keywords = {galaxies: halos, galaxies: individual: Haro11 VV11 NGC1140 SBS0335-052 TOL0440-381 NGC1705 NGC1741 IZW18 NGC3310 Haro3 NGC3690 NGC4214 MRK54 IRAS19245-4140 NGC7673 NGC7714, galaxies: starburst, ultraviolet: galaxies},
     year = 2009,
    month = mar,
   volume = 181,
    pages = {272-320},
      doi = {10.1088/0067-0049/181/1/272},
   adsurl = {http://adsabs.harvard.edu/abs/2009ApJS..181..272G},
  adsnote = {Provided by the SAO/NASA Astrophysics Data System}
}


@misc{Gullikson2016,
  author       = {Kevin Gullikson},
  title        = {gullikson-scripts: Initial pre-release},
  month        = feb,
  year         = 2016,
  doi          = {10.5281/zenodo.46604},
  url          = {http://dx.doi.org/10.5281/zenodo.46604}
}


@ARTICLE{Guseva2012,
   author = {{Guseva}, N.~G. and {Izotov}, Y.~I. and {Fricke}, K.~J. and 
	{Henkel}, C.},
    title = "{VLT/X-shooter observations of blue compact galaxies Haro 11 and ESO 338-IG 004}",
  journal = {\aap},
archivePrefix = "arXiv",
   eprint = {1203.5268},
 keywords = {galaxies: fundamental parameters, galaxies: starburst, galaxies: ISM, galaxies: abundances, stars: activity},
     year = 2012,
    month = may,
   volume = 541,
      eid = {A115},
    pages = {A115},
      doi = {10.1051/0004-6361/201118742},
   adsurl = {http://adsabs.harvard.edu/abs/2012A%26A...541A.115G},
  adsnote = {Provided by the SAO/NASA Astrophysics Data System}
}

@ARTICLE{Hayes2005,
   author = {{Hayes}, M. and {{\"O}stlin}, G. and {Mas-Hesse}, J.~M. and 
	{Kunth}, D. and {Leitherer}, C. and {Petrosian}, A.},
    title = "{HST/ACS Lyman {$\alpha$} imaging of the nearby starburst ESO 338-IG04}",
  journal = {\aap},
   eprint = {astro-ph/0503320},
 keywords = {galaxies: starburst, galaxies: individual: ESO 338-IG04, galaxies: ISM, ultraviolet: galaxies, X-rays: stars},
     year = 2005,
    month = jul,
   volume = 438,
    pages = {71-85},
      doi = {10.1051/0004-6361:20052702},
   adsurl = {http://adsabs.harvard.edu/abs/2005A%26A...438...71H},
  adsnote = {Provided by the SAO/NASA Astrophysics Data System}
}

@ARTICLE{Hayes2007,
   author = {{Hayes}, M. and {{\"O}stlin}, G. and {Atek}, H. and {Kunth}, D. and 
	{Mas-Hesse}, J.~M. and {Leitherer}, C. and {Jim{\'e}nez-Bail{\'o}n}, E. and 
	{Adamo}, A.},
    title = "{The escape of Lyman photons from a young starburst: the case of Haro11{\dagger}}",
  journal = {\mnras},
archivePrefix = "arXiv",
   eprint = {0710.2622},
 keywords = {galaxies: evolution, galaxies: individual: Haro11, galaxies: star clusters, ultraviolet: galaxies},
     year = 2007,
    month = dec,
   volume = 382,
    pages = {1465-1480},
      doi = {10.1111/j.1365-2966.2007.12482.x},
   adsurl = {http://adsabs.harvard.edu/abs/2007MNRAS.382.1465H},
  adsnote = {Provided by the SAO/NASA Astrophysics Data System}
}



@ARTICLE{Hayes2009,
   author = {{Hayes}, M. and {{\"O}stlin}, G. and {Mas-Hesse}, J.~M. and 
	{Kunth}, D.},
    title = "{Continuum Subtracting Lyman-Alpha Images: Low-Redshift Studies Using the Solar Blind Channel of HST/ACS}",
  journal = {\aj},
archivePrefix = "arXiv",
   eprint = {0803.1176},
 keywords = {galaxies: starburst, methods: data analysis, techniques: image processing, techniques: photometric},
     year = 2009,
    month = sep,
   volume = 138,
    pages = {911-922},
      doi = {10.1088/0004-6256/138/3/911},
   adsurl = {http://adsabs.harvard.edu/abs/2009AJ....138..911H},
  adsnote = {Provided by the SAO/NASA Astrophysics Data System}
}


@ARTICLE{Hayes2015,
   author = {{Hayes}, M.},
    title = "{Lyman Alpha Emitting Galaxies in the Nearby Universe}",
  journal = {\pasa},
archivePrefix = "arXiv",
   eprint = {1505.07483},
 keywords = {Galaxies: evolution, Galaxies: individual: Haro 11, iZw 18, SBS 0335-052, Haro 2, Mrk 701, IRAS 08208+2816, Galaxies: starburst, Physical data and processes: radiative transfer, Ultraviolet: galaxies},
     year = 2015,
    month = jul,
   volume = 32,
      eid = {e027},
    pages = {e027},
      doi = {10.1017/pasa.2015.25},
   adsurl = {http://adsabs.harvard.edu/abs/2015PASA...32...27H},
  adsnote = {Provided by the SAO/NASA Astrophysics Data System}
}

@ARTICLE{Heckman2005,
   author = {{Heckman}, T.~M. and {Hoopes}, C.~G. and {Seibert}, M. and {Martin}, D.~C. and 
	{Salim}, S. and {Rich}, R.~M. and {Kauffmann}, G. and {Charlot}, S. and 
	{Barlow}, T.~A. and {Bianchi}, L. and {Byun}, Y.-I. and {Donas}, J. and 
	{Forster}, K. and {Friedman}, P.~G. and {Jelinsky}, P.~N. and 
	{Lee}, Y.-W. and {Madore}, B.~F. and {Malina}, R.~F. and {Milliard}, B. and 
	{Morrissey}, P.~F. and {Neff}, S.~G. and {Schiminovich}, D. and 
	{Siegmund}, O.~H.~W. and {Small}, T. and {Szalay}, A.~S. and 
	{Welsh}, B.~Y. and {Wyder}, T.~K.},
    title = "{The Properties of Ultraviolet-luminous Galaxies at the Current Epoch}",
  journal = {\apjl},
   eprint = {astro-ph/0412577},
 keywords = {Galaxies: Evolution, Galaxies: General, Galaxies: Starburst, Ultraviolet: Galaxies},
     year = 2005,
    month = jan,
   volume = 619,
    pages = {L35-L38},
      doi = {10.1086/425979},
   adsurl = {http://adsabs.harvard.edu/abs/2005ApJ...619L..35H},
  adsnote = {Provided by the SAO/NASA Astrophysics Data System}
}



@ARTICLE{Heckman2011,
   author = {{Heckman}, T.~M. and {Borthakur}, S. and {Overzier}, R. and 
	{Kauffmann}, G. and {Basu-Zych}, A. and {Leitherer}, C. and 
	{Sembach}, K. and {Martin}, D.~C. and {Rich}, R.~M. and {Schiminovich}, D. and 
	{Seibert}, M.},
    title = "{Extreme Feedback and the Epoch of Reionization: Clues in the Local Universe}",
  journal = {\apj},
archivePrefix = "arXiv",
   eprint = {1101.4219},
 primaryClass = "astro-ph.CO",
 keywords = {galaxies: evolution, galaxies: high-redshift, galaxies: ISM, galaxies: kinematics and dynamics, intergalactic medium},
     year = 2011,
    month = mar,
   volume = 730,
      eid = {5},
    pages = {5},
      doi = {10.1088/0004-637X/730/1/5},
   adsurl = {http://adsabs.harvard.edu/abs/2011ApJ...730....5H},
  adsnote = {Provided by the SAO/NASA Astrophysics Data System}
}


@ARTICLE{Heckman2015,
   author = {{Heckman}, T.~M. and {Alexandroff}, R.~M. and {Borthakur}, S. and 
	{Overzier}, R. and {Leitherer}, C.},
    title = "{The Systematic Properties of the Warm Phase of Starburst-Driven Galactic Winds}",
  journal = {\apj},
archivePrefix = "arXiv",
   eprint = {1507.05622},
 keywords = {galaxies: evolution, galaxies: ISM, galaxies: kinematics and dynamics, galaxies: starburst, intergalactic medium},
     year = 2015,
    month = aug,
   volume = 809,
      eid = {147},
    pages = {147},
      doi = {10.1088/0004-637X/809/2/147},
   adsurl = {http://adsabs.harvard.edu/abs/2015ApJ...809..147H},
  adsnote = {Provided by the SAO/NASA Astrophysics Data System}
}


@ARTICLE{Henry2015,
   author = {{Henry}, A. and {Scarlata}, C. and {Martin}, C.~L. and {Erb}, D.
	},
    title = "{Ly{$\alpha$} Emission from Green Peas: The Role of Circumgalactic Gas Density, Covering, and Kinematics}",
  journal = {\apj},
archivePrefix = "arXiv",
   eprint = {1505.05149},
 keywords = {galaxies: dwarf, galaxies: evolution, galaxies: formation},
     year = 2015,
    month = aug,
   volume = 809,
      eid = {19},
    pages = {19},
      doi = {10.1088/0004-637X/809/1/19},
   adsurl = {http://adsabs.harvard.edu/abs/2015ApJ...809...19H},
  adsnote = {Provided by the SAO/NASA Astrophysics Data System}
}


@ARTICLE{Hoopes2007,
   author = {{Hoopes}, C.~G. and {Heckman}, T.~M. and {Salim}, S. and {Seibert}, M. and 
	{Tremonti}, C.~A. and {Schiminovich}, D. and {Rich}, R.~M. and 
	{Martin}, D.~C. and {Charlot}, S. and {Kauffmann}, G. and {Forster}, K. and 
	{Friedman}, P.~G. and {Morrissey}, P. and {Neff}, S.~G. and 
	{Small}, T. and {Wyder}, T.~K. and {Bianchi}, L. and {Donas}, J. and 
	{Lee}, Y.-W. and {Madore}, B.~F. and {Milliard}, B. and {Szalay}, A.~S. and 
	{Welsh}, B.~Y. and {Yi}, S.~K.},
    title = "{The Diverse Properties of the Most Ultraviolet-Luminous Galaxies Discovered by GALEX}",
  journal = {\apjs},
   eprint = {astro-ph/0609415},
 keywords = {Galaxies: Evolution, Galaxies: Starburst, Ultraviolet: Galaxies},
     year = 2007,
    month = dec,
   volume = 173,
    pages = {441-456},
      doi = {10.1086/516644},
   adsurl = {http://adsabs.harvard.edu/abs/2007ApJS..173..441H},
  adsnote = {Provided by the SAO/NASA Astrophysics Data System}
}


@ARTICLE{Hu1996,
   author = {{Hu}, E.~M. and {McMahon}, R.~G.},
    title = "{Detection of Lyman-{$\alpha$}-emitting galaxies at redshift 4.55}",
  journal = {\nat},
   eprint = {astro-ph/9606135},
     year = 1996,
    month = jul,
   volume = 382,
    pages = {231-233},
      doi = {10.1038/382231a0},
   adsurl = {http://adsabs.harvard.edu/abs/1996Natur.382..231H},
  adsnote = {Provided by the SAO/NASA Astrophysics Data System}
}

@Article{IPython2007,
  Author    = {P\'erez, Fernando and Granger, Brian E.},
  Title     = {{IP}ython: a System for Interactive Scientific Computing},
  Journal   = {Computing in Science and Engineering},
  Volume    = {9},
  Number    = {3},
  Pages     = {21--29},
  month     = may,
  year      = 2007,
  url       = "http://ipython.org",
  ISSN      = "1521-9615",
  doi       = {10.1109/MCSE.2007.53},
  publisher = {IEEE Computer Society},
}


@ARTICLE{Iwata2009,
   author = {{Iwata}, I. and {Inoue}, A.~K. and {Matsuda}, Y. and {Furusawa}, H. and 
	{Hayashino}, T. and {Kousai}, K. and {Akiyama}, M. and {Yamada}, T. and 
	{Burgarella}, D. and {Deharveng}, J.-M.},
    title = "{Detections of Lyman Continuum from Star-Forming Galaxies at z \~{} 3 through Subaru/Suprime-Cam Narrow-Band Imaging}",
  journal = {\apj},
archivePrefix = "arXiv",
   eprint = {0805.4012},
 keywords = {cosmology: observations, diffuse radiation, galaxies: evolution, galaxies: high-redshift, intergalactic medium},
     year = 2009,
    month = feb,
   volume = 692,
    pages = {1287-1293},
      doi = {10.1088/0004-637X/692/2/1287},
   adsurl = {http://adsabs.harvard.edu/abs/2009ApJ...692.1287I},
  adsnote = {Provided by the SAO/NASA Astrophysics Data System}
}

@ARTICLE{Izotov2016Nat,
   author = {{Izotov}, Y.~I. and {Orlitov{\'a}}, I. and {Schaerer}, D. and 
	{Thuan}, T.~X. and {Verhamme}, A. and {Guseva}, N.~G. and {Worseck}, G.
	},
    title = "{Eight per cent leakage of Lyman continuum photons from a compact, star-forming dwarf galaxy}",
  journal = {\nat},
     year = 2016,
    month = jan,
   volume = 529,
    pages = {178-180},
      doi = {10.1038/nature16456},
   adsurl = {http://adsabs.harvard.edu/abs/2016Natur.529..178I},
  adsnote = {Provided by the SAO/NASA Astrophysics Data System}
}


@ARTICLE{Izotov2016MNRAS,
   author = {{Izotov}, Y.~I. and {Schaerer}, D. and {Thuan}, T.~X. and {Worseck}, G. and 
	{Guseva}, N.~G. and {Orlitov{\'a}}, I. and {Verhamme}, A.},
    title = "{Detection of high Lyman continuum leakage from four low-redshift compact star-forming galaxies}",
  journal = {\mnras},
archivePrefix = "arXiv",
   eprint = {1605.05160},
     year = 2016,
    month = oct,
   volume = 461,
    pages = {3683-3701},
      doi = {10.1093/mnras/stw1205},
   adsurl = {http://adsabs.harvard.edu/abs/2016MNRAS.461.3683I},
  adsnote = {Provided by the SAO/NASA Astrophysics Data System}
}

@ARTICLE{James2013,
   author = {{James}, B.~L. and {Tsamis}, Y.~G. and {Walsh}, J.~R. and {Barlow}, M.~J. and 
	{Westmoquette}, M.~S.},
    title = "{The Lyman break analogue Haro 11: spatially resolved chemodynamics with VLT FLAMES}",
  journal = {\mnras},
archivePrefix = "arXiv",
   eprint = {1301.1288},
 keywords = {stars: Wolf-Rayet, galaxies: abundances, galaxies: dwarf, galaxies: individual: Haro 11, galaxies: interactions, galaxies: kinematics and dynamics},
     year = 2013,
    month = apr,
   volume = 430,
    pages = {2097-2112},
      doi = {10.1093/mnras/stt034},
   adsurl = {http://adsabs.harvard.edu/abs/2013MNRAS.430.2097J},
  adsnote = {Provided by the SAO/NASA Astrophysics Data System}
}


@ARTICLE{James2014,
   author = {{James}, B.~L. and {Aloisi}, A. and {Heckman}, T. and {Sohn}, S.~T. and 
	{Wolfe}, M.~A.},
    title = "{Investigating Nearby Star-forming Galaxies in the Ultraviolet with HST/COS Spectroscopy. I. Spectral Analysis and Interstellar Abundance Determinations}",
  journal = {\apj},
archivePrefix = "arXiv",
   eprint = {1408.4420},
 keywords = {galaxies: individual: I Zw18 M83 NGC 3690 NGC 4214 NGC 4449 NGC 4670 NGC 5253 SBS 0335{\ndash}052 SBS 141+437, galaxies: ISM, galaxies: starburst, ISM: abundances, ultraviolet: ISM},
     year = 2014,
    month = nov,
   volume = 795,
      eid = {109},
    pages = {109},
      doi = {10.1088/0004-637X/795/2/109},
   adsurl = {http://adsabs.harvard.edu/abs/2014ApJ...795..109J},
  adsnote = {Provided by the SAO/NASA Astrophysics Data System}
}



@ARTICLE{Jaskot2013,
   author = {{Jaskot}, A.~E. and {Oey}, M.~S.},
    title = "{The Origin and Optical Depth of Ionizing Radiation in the ''Green Pea'' Galaxies}",
  journal = {\apj},
archivePrefix = "arXiv",
   eprint = {1301.0530},
 primaryClass = "astro-ph.CO",
 keywords = {galaxies: evolution, galaxies: starburst, intergalactic medium, ISM: general, radiative transfer, stars: massive },
     year = 2013,
    month = apr,
   volume = 766,
      eid = {91},
    pages = {91},
      doi = {10.1088/0004-637X/766/2/91},
   adsurl = {http://adsabs.harvard.edu/abs/2013ApJ...766...91J},
  adsnote = {Provided by the SAO/NASA Astrophysics Data System}
}

@ARTICLE{Jaskot2014,
   author = {{Jaskot}, A.~E. and {Oey}, M.~S.},
    title = "{Linking Ly{$\alpha$} and Low-ionization Transitions at Low Optical Depth}",
  journal = {\apjl},
archivePrefix = "arXiv",
   eprint = {1406.4413},
 keywords = {galaxies: high-redshift, galaxies: starburst, intergalactic medium, line: profiles, radiative transfer, ultraviolet: ISM },
     year = 2014,
    month = aug,
   volume = 791,
      eid = {L19},
    pages = {L19},
      doi = {10.1088/2041-8205/791/2/L19},
   adsurl = {http://adsabs.harvard.edu/abs/2014ApJ...791L..19J},
  adsnote = {Provided by the SAO/NASA Astrophysics Data System}
}

@ARTICLE{JaskotOey,
   author = {{Jaskot}, A.~E. and {Oey}, M.~S.},
    title = "{Linking Ly{$\alpha$} and Low-ionization Transitions at Low Optical Depth}",
  journal = {\apjl},
archivePrefix = "arXiv",
   eprint = {1406.4413},
 keywords = {galaxies: high-redshift, galaxies: starburst, intergalactic medium, line: profiles, radiative transfer, ultraviolet: ISM },
     year = 2014,
    month = aug,
   volume = 791,
      eid = {L19},
    pages = {L19},
      doi = {10.1088/2041-8205/791/2/L19},
   adsurl = {http://adsabs.harvard.edu/abs/2014ApJ...791L..19J},
  adsnote = {Provided by the SAO/NASA Astrophysics Data System}
}


@ARTICLE{Jensen2013,
   author = {{Jensen}, H. and {Laursen}, P. and {Mellema}, G. and {Iliev},
	   I.~T. and
	{Sommer-Larsen}, J. and {Shapiro}, P.~R.},
    title = "{On the use of Ly{$\alpha$} emitters as probes of reionization}",
  journal = {\mnras},
archivePrefix = "arXiv",
   eprint = {1206.4028},
 primaryClass = "astro-ph.CO",
 keywords = {radiative transfer, methods: numerical, galaxies: high-redshift, galaxies: statistics},
     year = 2013,
    month = jan,
   volume = 428,
    pages = {1366-1381},
      doi = {10.1093/mnras/sts116},
   adsurl = {http://adsabs.harvard.edu/abs/2013MNRAS.428.1366J},
  adsnote = {Provided by the SAO/NASA Astrophysics Data System}
}


@ARTICLE{Jia2011,
   author = {{Jia}, J. and {Ptak}, A. and {Heckman}, T.~M. and {Overzier}, R.~A. and 
	{Hornschemeier}, A. and {LaMassa}, S.~M.},
    title = "{Evidence for Black Hole Growth in Local Analogs to Lyman Break Galaxies}",
  journal = {\apj},
archivePrefix = "arXiv",
   eprint = {1102.2539},
 primaryClass = "astro-ph.HE",
 keywords = {galaxies: starburst, quasars: general, X-rays: galaxies},
     year = 2011,
    month = apr,
   volume = 731,
      eid = {55},
    pages = {55},
      doi = {10.1088/0004-637X/731/1/55},
   adsurl = {http://adsabs.harvard.edu/abs/2011ApJ...731...55J},
  adsnote = {Provided by the SAO/NASA Astrophysics Data System}
}



@ARTICLE{Jones2013,
   author = {{Jones}, T.~A. and {Ellis}, R.~S. and {Schenker}, M.~A. and 
	{Stark}, D.~P.},
    title = "{Keck Spectroscopy of Gravitationally Lensed z \~{}= 4 Galaxies: Improved Constraints on the Escape Fraction of Ionizing Photons}",
  journal = {\apj},
archivePrefix = "arXiv",
   eprint = {1304.7015},
 primaryClass = "astro-ph.CO",
 keywords = {dark ages, reionization, first stars, galaxies: evolution, galaxies: formation, galaxies: ISM },
     year = 2013,
    month = dec,
   volume = 779,
      eid = {52},
    pages = {52},
      doi = {10.1088/0004-637X/779/1/52},
   adsurl = {http://adsabs.harvard.edu/abs/2013ApJ...779...52J},
  adsnote = {Provided by the SAO/NASA Astrophysics Data System}
}


@ARTICLE{Kauffmann2003,
   author = {{Kauffmann}, G. and {Heckman}, T.~M. and {Tremonti}, C. and 
	{Brinchmann}, J. and {Charlot}, S. and {White}, S.~D.~M. and 
	{Ridgway}, S.~E. and {Brinkmann}, J. and {Fukugita}, M. and 
	{Hall}, P.~B. and {Ivezi{\'c}}, {\v Z}. and {Richards}, G.~T. and 
	{Schneider}, D.~P.},
    title = "{The host galaxies of active galactic nuclei}",
  journal = {\mnras},
   eprint = {astro-ph/0304239},
 keywords = {galaxies: active, galaxies: Seyfert, galaxies: starburst, galaxies: stellar content, galaxies: structure},
     year = 2003,
    month = dec,
   volume = 346,
    pages = {1055-1077},
      doi = {10.1111/j.1365-2966.2003.07154.x},
   adsurl = {http://adsabs.harvard.edu/abs/2003MNRAS.346.1055K},
  adsnote = {Provided by the SAO/NASA Astrophysics Data System}
}

@ARTICLE{Kewley2001,
   author = {{Kewley}, L.~J. and {Dopita}, M.~A. and {Sutherland}, R.~S. and 
	{Heisler}, C.~A. and {Trevena}, J.},
    title = "{Theoretical Modeling of Starburst Galaxies}",
  journal = {\apj},
   eprint = {astro-ph/0106324},
 keywords = {Galaxies: Starburst, Radiation Mechanisms: Thermal},
     year = 2001,
    month = jul,
   volume = 556,
    pages = {121-140},
      doi = {10.1086/321545},
   adsurl = {http://adsabs.harvard.edu/abs/2001ApJ...556..121K},
  adsnote = {Provided by the SAO/NASA Astrophysics Data System}
}


@ARTICLE{Kewley2006,
   author = {{Kewley}, L.~J. and {Groves}, B. and {Kauffmann}, G. and {Heckman}, T.
	},
    title = "{The host galaxies and classification of active galactic nuclei}",
  journal = {\mnras},
   eprint = {astro-ph/0605681},
 keywords = {galaxies: active, galaxies: Seyfert, galaxies: starburst},
     year = 2006,
    month = nov,
   volume = 372,
    pages = {961-976},
      doi = {10.1111/j.1365-2966.2006.10859.x},
   adsurl = {http://adsabs.harvard.edu/abs/2006MNRAS.372..961K},
  adsnote = {Provided by the SAO/NASA Astrophysics Data System}
}


@ARTICLE{Kunth1994,
   author = {{Kunth}, D. and {Lequeux}, J. and {Sargent}, W.~L.~W. and {Viallefond}, F.
	},
    title = "{Is there primordial gas in IZw 18?}",
  journal = {\aap},
 keywords = {Abundance, Dwarf Galaxies, H I Regions, Interstellar Gas, Lyman Spectra, Spaceborne Astronomy, Ultraviolet Astronomy, Absorption Spectra, Astronomical Spectroscopy, Hubble Space Telescope, Iue, Lyman Alpha Radiation, Spectrographs},
     year = 1994,
    month = feb,
   volume = 282,
    pages = {709-716},
   adsurl = {http://adsabs.harvard.edu/abs/1994A%26A...282..709K},
  adsnote = {Provided by the SAO/NASA Astrophysics Data System}
}


@article{Kunth1998,
author = {Kunth, Daniel and Mas-Hesse, J.\~{}M. and Terlevich, E and Terlevich, R and Lequeux, J and Fall, S.\~{}M. Michael},
file = {:home/trive/Arbejde/COS-Paper/Paper/CitePapers/Kunth98.pdf:pdf},
journal = {Astronomy and Astrophysics},
keywords = {COSMOLOGY: OBSERVATIONS,GALAXIES: COMPACT,GALAXIES: IRREGULAR,GALAXIES: ISM,GALAXIES: STARBUST,ULTRAVIOLET: GALAXIES,com-,galaxies,irregular,ism},
month = jun,
pages = {11--20},
title = {{HST study of Lyman-alpha emission in star-forming galaxies : the effect of neutral gas flows}},
volume = {20},
year = {1998}
}


@ARTICLE{Kunth98,
   author = {{Kunth}, D. and {Mas-Hesse}, J.~M. and {Terlevich}, E. and {Terlevich}, R. and 
	{Lequeux}, J. and {Fall}, S.~M.},
    title = "{HST study of Lyman-alpha emission in star-forming galaxies: the effect of neutral gas flows}",
  journal = {\aap},
   eprint = {astro-ph/9802253},
 keywords = {GALAXIES: ISM, GALAXIES: IRREGULAR, GALAXIES: COMPACT, GALAXIES: STARBUST, COSMOLOGY: OBSERVATIONS, ULTRAVIOLET: GALAXIES},
     year = 1998,
    month = jun,
   volume = 334,
    pages = {11-20},
   adsurl = {http://adsabs.harvard.edu/abs/1998A\%26A...334...11K},
  adsnote = {Provided by the SAO/NASA Astrophysics Data System}
}

@ARTICLE{Kunth2003,
   author = {{Kunth}, D. and {Leitherer}, C. and {Mas-Hesse}, J.~M. and {{\"O}stlin}, G. and 
	{Petrosian}, A.},
    title = "{The First Deep Advanced Camera for Surveys Ly{$\alpha$} Images of Local Starburst Galaxies}",
  journal = {\apj},
   eprint = {astro-ph/0307555},
 keywords = {Galaxies: ISM, Galaxies: Starburst, Galaxies: Stellar Content, Ultraviolet: Galaxies},
     year = 2003,
    month = nov,
   volume = 597,
    pages = {263-268},
      doi = {10.1086/378396},
   adsurl = {http://adsabs.harvard.edu/abs/2003ApJ...597..263K},
  adsnote = {Provided by the SAO/NASA Astrophysics Data System}
}

@ARTICLE{LARS0,
   author = {{Hayes}, M. and {{\"O}stlin}, G. and {Schaerer}, D. and {Verhamme}, A. and 
	{Mas-Hesse}, J.~M. and {Adamo}, A. and {Atek}, H. and {Cannon}, J.~M. and 
	{Duval}, F. and {Guaita}, L. and {Herenz}, E.~C. and {Kunth}, D. and 
	{Laursen}, P. and {Melinder}, J. and {Orlitov{\'a}}, I. and 
	{Ot{\'{\i}}-Floranes}, H. and {Sandberg}, A.},
    title = "{The Lyman Alpha Reference Sample: Extended Lyman Alpha Halos Produced at Low Dust Content}",
  journal = {\apjl},
archivePrefix = "arXiv",
   eprint = {1303.0006},
 primaryClass = "astro-ph.CO",
 keywords = {cosmology: observations, galaxies: evolution, galaxies: formation, galaxies: starburst, radiative transfer },
     year = 2013,
    month = mar,
   volume = 765,
      eid = {L27},
    pages = {L27},
      doi = {10.1088/2041-8205/765/2/L27},
   adsurl = {http://adsabs.harvard.edu/abs/2013ApJ...765L..27H},
  adsnote = {Provided by the SAO/NASA Astrophysics Data System}
}


@ARTICLE{LARSI,
   author = {{{\"O}stlin}, G. and {Hayes}, M. and {Duval}, F. and {Sandberg}, A. and 
	{Guaita}, L. and {Melinder}, J. and {Adamo}, A. and {Schaerer}, D. and 
	{Verhamme}, A. and {Orlitov{\'a}}, I. and {Mas-Hesse}, J.~M. and 
	{Cannon}, J.~M. and {Atek}, H. and {Kunth}, D. and {Laursen}, P. and 
	{Ot{\'{\i}}-Floranes}, H. and {Pardy}, S. and {Rivera-Thorsen}, T. and 
	{Herenz}, E.~C.},
    title = "{The Lyman Alpha Reference Sample. I. CORRECT INFO NEEDED
	    ABOUT THIS PAPER.}",
  journal = {\apj},
 keywords = {cosmology: observations, galaxies: starburst },
     year = 2014,
}


@ARTICLE{LARSII,
   author = {{Hayes}, M. and {{\"O}stlin}, G. and {Duval}, F. and {Sandberg}, A. and 
	{Guaita}, L. and {Melinder}, J. and {Adamo}, A. and {Schaerer}, D. and 
	{Verhamme}, A. and {Orlitov{\'a}}, I. and {Mas-Hesse}, J.~M. and 
	{Cannon}, J.~M. and {Atek}, H. and {Kunth}, D. and {Laursen}, P. and 
	{Ot{\'{\i}}-Floranes}, H. and {Pardy}, S. and {Rivera-Thorsen}, T. and 
	{Herenz}, E.~C.},
    title = "{The Lyman Alpha Reference Sample. II. Hubble Space Telescope Imaging Results, Integrated Properties, and Trends}",
  journal = {\apj},
archivePrefix = "arXiv",
   eprint = {1308.6578},
 primaryClass = "astro-ph.CO",
 keywords = {cosmology: observations, galaxies: starburst },
     year = 2014,
    month = feb,
   volume = 782,
      eid = {6},
    pages = {6},
      doi = {10.1088/0004-637X/782/1/6},
   adsurl = {http://adsabs.harvard.edu/abs/2014ApJ...782....6H},
  adsnote = {Provided by the SAO/NASA Astrophysics Data System},
}



@ARTICLE{LARSIII,
   author = {{Pardy}, S.~A. and {Cannon}, J.~M. and {{\"O}stlin}, G. and 
	{Hayes}, M. and {Rivera-Thorsen}, T. and {Sandberg}, A. and 
	{Adamo}, A. and {Freeland}, E. and {Herenz}, E.~C. and {Guaita}, L. and 
	{Kunth}, D. and {Laursen}, P. and {Mas-Hesse}, J.~M. and {Melinder}, J. and 
	{Orlitov{\'a}}, I. and {Ot{\'{\i}}-Floranes}, H. and {Puschnig}, J. and 
	{Schaerer}, D. and {Verhamme}, A.},
    title = "{The Lyman Alpha Reference Sample. III. Properties of the Neutral ISM from GBT and VLA Observations}",
  journal = {\apj},
archivePrefix = "arXiv",
   eprint = {1408.6275},
 keywords = {galaxies: ISM, galaxies: kinematics and dynamics, galaxies: starburst, radio lines: galaxies},
     year = {2014},
    month = oct,
   volume = 794,
      eid = {101},
    pages = {101},
      doi = {10.1088/0004-637X/794/2/101},
   adsurl = {http://adsabs.harvard.edu/abs/2014ApJ...794..101P},
  adsnote = {Provided by the SAO/NASA Astrophysics Data System}
}


@ARTICLE{Laursen2009b,
   author = {{Laursen}, P. and {Sommer-Larsen}, J. and {Andersen}, A.~C.},
    title = "{Ly{$\alpha$} Radiative Transfer with Dust: Escape Fractions from Simulated High-Redshift Galaxies}",
  journal = {\apj},
archivePrefix = "arXiv",
   eprint = {0907.2698},
 primaryClass = "astro-ph.CO",
 keywords = {dust, extinction, galaxies: high-redshift, line: formation, line: profiles, radiative transfer, scattering},
     year = 2009,
    month = oct,
   volume = 704,
    pages = {1640-1656},
      doi = {10.1088/0004-637X/704/2/1640},
   adsurl = {http://adsabs.harvard.edu/abs/2009ApJ...704.1640L},
  adsnote = {Provided by the SAO/NASA Astrophysics Data System}
}


@ARTICLE{Laursen2013,
   author = {{Laursen}, P. and {Duval}, F. and {{\"O}stlin}, G.},
    title = "{On the (Non-)Enhancement of the Ly{$\alpha$} Equivalent Width by a Multiphase Interstellar Medium}",
  journal = {\apj},
archivePrefix = "arXiv",
   eprint = {1211.2833},
 primaryClass = "astro-ph.CO",
 keywords = {galaxies: ISM, radiative transfer, scattering },
     year = 2013,
    month = apr,
   volume = 766,
      eid = {124},
    pages = {124},
      doi = {10.1088/0004-637X/766/2/124},
   adsurl = {http://adsabs.harvard.edu/abs/2013ApJ...766..124L},
  adsnote = {Provided by the SAO/NASA Astrophysics Data System}
}



@ARTICLE{Leitet2011,
   author = {{Leitet}, E. and {Bergvall}, N. and {Piskunov}, N. and {Andersson}, B.-G.
	},
    title = "{Analyzing low signal-to-noise FUSE spectra. Confirmation of Lyman continuum escape from Haro 11}",
  journal = {\aap},
archivePrefix = "arXiv",
   eprint = {1106.1178},
 keywords = {intergalactic medium, galaxies: starburst, galaxies: fundamental parameters, galaxies: evolution, diffuse radiation, ultraviolet: galaxies},
     year = 2011,
    month = aug,
   volume = 532,
      eid = {A107},
    pages = {A107},
      doi = {10.1051/0004-6361/201015654},
   adsurl = {http://adsabs.harvard.edu/abs/2011A%26A...532A.107L},
  adsnote = {Provided by the SAO/NASA Astrophysics Data System}
}


@ARTICLE{Leitet2013,
   author = {{Leitet}, E. and {Bergvall}, N. and {Hayes}, M. and {Linn{\'e}}, S. and 
	{Zackrisson}, E.},
    title = "{Escape of Lyman continuum radiation from local galaxies. Detection of leakage from the young starburst Tol 1247-232}",
  journal = {\aap},
archivePrefix = "arXiv",
   eprint = {1302.6971},
 keywords = {ultraviolet: galaxies, intergalactic medium, galaxies: fundamental parameters, dark ages, reionization, first stars, galaxies: starburst, galaxies: evolution},
     year = 2013,
    month = may,
   volume = 553,
      eid = {A106},
    pages = {A106},
      doi = {10.1051/0004-6361/201118370},
   adsurl = {http://adsabs.harvard.edu/abs/2013A%26A...553A.106L},
  adsnote = {Provided by the SAO/NASA Astrophysics Data System}
}



@ARTICLE{Leitherer2016,
   author = {{Leitherer}, C. and {Hernandez}, S. and {Lee}, J.~C. and {Oey}, M.~S.
	},
    title = "{Direct Detection of Lyman Continuum Escape from Local Starburst Galaxies with the Cosmic Origins Spectrograph}",
  journal = {\apj},
archivePrefix = "arXiv",
   eprint = {1603.06779},
 keywords = {dark ages, reionization, first stars, galaxies: ISM, galaxies: starburst, galaxies: stellar content, ultraviolet: galaxies },
     year = 2016,
    month = may,
   volume = 823,
      eid = {64},
    pages = {64},
      doi = {10.3847/0004-637X/823/1/64},
   adsurl = {http://adsabs.harvard.edu/abs/2016ApJ...823...64L},
  adsnote = {Provided by the SAO/NASA Astrophysics Data System}
}

@misc{lmfit2014,
  author       = {Newville, Matthew and
                  Stensitzki, Till and
                  Allen, Daniel B. and
                  Ingargiola,  Antonino},
  title        = {{LMFIT: Non-Linear Least-Square Minimization and 
                   Curve-Fitting for Python¶}},
  month        = sep,
  year         = 2014,
  doi          = {10.5281/zenodo.11813},
  url          = {http://dx.doi.org/10.5281/zenodo.11813}
}


@ARTICLE{MacLowMacCray,
   author = {{Mac Low}, M.-M. and {McCray}, R. and {Norman}, M.~L.},
    title = "{Superbubble blowout dynamics}",
  journal = {\apj},
 keywords = {Galactic Structure, Interstellar Gas, Supernovae, Astronomical Models, Blowouts, Bubbles, H I Regions, High Temperature Gases, Hydrodynamics, Numerical Flow Visualization},
     year = 1989,
    month = feb,
   volume = 337,
    pages = {141-154},
      doi = {10.1086/167094},
   adsurl = {http://adsabs.harvard.edu/abs/1989ApJ...337..141M},
  adsnote = {Provided by the SAO/NASA Astrophysics Data System}
}


@ARTICLE{Malhotra2002,
   author = {{Malhotra}, S. and {Rhoads}, J.~E.},
    title = "{Large Equivalent Width Ly{$\alpha$} line Emission at z=4.5: Young Galaxies in a Young Universe?}",
  journal = {\apjl},
   eprint = {astro-ph/0111126},
 keywords = {Cosmology: Observations, Galaxies: Evolution, Galaxies: Formation, Galaxies: General, Galaxies: Statistics},
     year = 2002,
    month = feb,
   volume = 565,
    pages = {L71-L74},
      doi = {10.1086/338980},
   adsurl = {http://adsabs.harvard.edu/abs/2002ApJ...565L..71M},
  adsnote = {Provided by the SAO/NASA Astrophysics Data System}
}


@ARTICLE{MalhotraRhoads2004,
   author = {{Malhotra}, S. and {Rhoads}, J.~E.},
    title = "{Luminosity Functions of Ly{$\alpha$} Emitters at Redshifts z=6.5 and z=5.7: Evidence against Reionization at z{\lt}=6.5}",
  journal = {\apjl},
   eprint = {astro-ph/0407408},
 keywords = {Galaxies: Evolution, Galaxies: Formation, Galaxies: High-Redshift, Galaxies: Luminosity Function, Mass Function, Galaxies: Intergalactic Medium},
     year = 2004,
    month = dec,
   volume = 617,
    pages = {L5-L8},
      doi = {10.1086/427182},
   adsurl = {http://adsabs.harvard.edu/abs/2004ApJ...617L...5M},
  adsnote = {Provided by the SAO/NASA Astrophysics Data System}
}

@ARTICLE{Malhotra2012,
   author = {{Malhotra}, S. and {Rhoads}, J.~E. and {Finkelstein}, S.~L. and
	{Hathi}, N. and {Nilsson}, K. and {McLinden}, E. and {Pirzkal}, N.
	},
    title = "{Sizing up Ly{$\alpha$} and Lyman Break Galaxies}",
  journal = {\apjl},
archivePrefix = "arXiv",
   eprint = {1106.2816},
 primaryClass = "astro-ph.CO",
 keywords = {galaxies: high-redshift},
     year = 2012,
    month = may,
   volume = 750,
      eid = {L36},
    pages = {L36},
      doi = {10.1088/2041-8205/750/2/L36},
   adsurl = {http://adsabs.harvard.edu/abs/2012ApJ...750L..36M},
  adsnote = {Provided by the SAO/NASA Astrophysics Data System}
}


@ARTICLE{Marino2013,
   author = {{Marino}, R.~A. and {Rosales-Ortega}, F.~F. and {S{\'a}nchez}, S.~F. and 
	{Gil de Paz}, A. and {V{\'{\i}}lchez}, J. and {Miralles-Caballero}, D. and 
	{Kehrig}, C. and {P{\'e}rez-Montero}, E. and {Stanishev}, V. and 
	{Iglesias-P{\'a}ramo}, J. and {D{\'{\i}}az}, A.~I. and {Castillo-Morales}, A. and 
	{Kennicutt}, R. and {L{\'o}pez-S{\'a}nchez}, A.~R. and {Galbany}, L. and 
	{Garc{\'{\i}}a-Benito}, R. and {Mast}, D. and {Mendez-Abreu}, J. and 
	{Monreal-Ibero}, A. and {Husemann}, B. and {Walcher}, C.~J. and 
	{Garc{\'{\i}}a-Lorenzo}, B. and {Masegosa}, J. and {Del Olmo Orozco}, A. and 
	{Mour{\~a}o}, A.~M. and {Ziegler}, B. and {Moll{\'a}}, M. and 
	{Papaderos}, P. and {S{\'a}nchez-Bl{\'a}zquez}, P. and {Gonz{\'a}lez Delgado}, R.~M. and 
	{Falc{\'o}n-Barroso}, J. and {Roth}, M.~M. and {van de Ven}, G. and 
	{Califa Team}},
    title = "{The O3N2 and N2 abundance indicators revisited: improved calibrations based on CALIFA and T$_{e}$-based literature data}",
  journal = {\aap},
archivePrefix = "arXiv",
   eprint = {1307.5316},
 keywords = {Galaxy: abundances, Galaxy: evolution, ISM: abundances, HII regions, techniques: spectroscopic},
     year = 2013,
    month = nov,
   volume = 559,
      eid = {A114},
    pages = {A114},
      doi = {10.1051/0004-6361/201321956},
   adsurl = {http://adsabs.harvard.edu/abs/2013A%26A...559A.114M},
  adsnote = {Provided by the SAO/NASA Astrophysics Data System}
}


@ARTICLE{MasHesse03,
   author = {{Mas-Hesse}, J.~M. and {Kunth}, D. and {Tenorio-Tagle}, G. and 
	{Leitherer}, C. and {Terlevich}, R.~J. and {Terlevich}, E.},
    title = "{Ly{$\alpha$} Emission in Starbursts: Implications for Galaxies at High Redshift}",
  journal = {\apj},
   eprint = {astro-ph/0309396},
 keywords = {Galaxies: Halos, Galaxies: High-Redshift, Galaxies: ISM, Galaxies: Starburst, ISM: Bubbles, Ultraviolet: Galaxies},
     year = 2003,
    month = dec,
   volume = 598,
    pages = {858-877},
      doi = {10.1086/379116},
   adsurl = {http://adsabs.harvard.edu/abs/2003ApJ...598..858M},
  adsnote = {Provided by the SAO/NASA Astrophysics Data System}
}

@ARTICLE{Matplotlib, 
author={Hunter, J.D.}, 
journal={Computing in Science Engineering}, 
title={Matplotlib: A 2D Graphics Environment}, 
year={2007}, 
month={May}, 
volume={9}, 
number={3}, 
pages={90-95}, 
keywords={computer graphics;mathematics computing;object-oriented programming;software packages;2D graphics package;Matplotlib;Python;application development;interactive scripting;operating system;publication-quality image generation;user interface;Computer languages;Equations;Graphical user interfaces;Graphics;Image generation;Interpolation;Operating systems;Packaging;Programming profession;User interfaces;Python;application development;scientific programming;scripting languages}, 
doi={10.1109/MCSE.2007.55}, 
ISSN={1521-9615},}


@ARTICLE{MeierTerlevitch1981,
   author = {{Meier}, D.~L. and {Terlevich}, R.},
    title = "{Extragalactic H II regions in the UV - Implications for primeval galaxies}",
  journal = {\apjl},
 keywords = {Galactic Evolution, H Ii Regions, Intergalactic Media, Nebulae, Ultraviolet Astronomy, Balmer Series, Iue, Lyman Alpha Radiation, Stellar Evolution, Ultraviolet Spectra},
     year = 1981,
    month = jun,
   volume = 246,
    pages = {L109-L113},
      doi = {10.1086/183565},
   adsurl = {http://adsabs.harvard.edu/abs/1981ApJ...246L.109M},
  adsnote = {Provided by the SAO/NASA Astrophysics Data System}
}


@ARTICLE{Meurer1995,
   author = {{Meurer}, G.~R. and {Heckman}, T.~M. and {Leitherer}, C. and 
	{Kinney}, A. and {Robert}, C. and {Garnett}, D.~R.},
    title = "{Starbursts and Star Clusters in the Ultraviolet}",
  journal = {\aj},
   eprint = {astro-ph/9509038},
 keywords = {GALAXIES: STARBURST, ULTRAVIOLET: GALAXIES, GALAXIES: ISM},
     year = 1995,
    month = dec,
   volume = 110,
    pages = {2665},
      doi = {10.1086/117721},
   adsurl = {http://adsabs.harvard.edu/abs/1995AJ....110.2665M},
  adsnote = {Provided by the SAO/NASA Astrophysics Data System}
}


@ARTICLE{Meyer90,
   author = {{Meyer}, D.~M. and {Roth}, K.~C.},
    title = "{Observations of nickel, chromium, and zinc in QSO absorption-line systems}",
  journal = {\apj},
 keywords = {Absorption Spectra, Chromium, Metallicity, Nickel, Quasars, Zinc, Abundance, Galactic Evolution, Interstellar Matter, Lyman Alpha Radiation, Red Shift},
     year = 1990,
    month = nov,
   volume = 363,
    pages = {57-65},
      doi = {10.1086/169319},
   adsurl = {http://adsabs.harvard.edu/abs/1990ApJ...363...57M},
  adsnote = {Provided by the SAO/NASA Astrophysics Data System}
}


@ARTICLE{Micheva2010,
   author = {{Micheva}, G. and {Zackrisson}, E. and {{\"O}stlin}, G. and 
	{Bergvall}, N. and {Pursimo}, T.},
    title = "{The faint outskirts of the blue compact galaxy Haro 11: is there a red excess?}",
  journal = {\mnras},
archivePrefix = "arXiv",
   eprint = {1002.3826},
 keywords = {Galaxy: stellar content, galaxies: dwarf, galaxies: photometry, galaxies: haloes, galaxies: individual: Haro 11},
     year = 2010,
    month = jun,
   volume = 405,
    pages = {1203-1211},
      doi = {10.1111/j.1365-2966.2010.16525.x},
   adsurl = {http://adsabs.harvard.edu/abs/2010MNRAS.405.1203M},
  adsnote = {Provided by the SAO/NASA Astrophysics Data System}
}


@ARTICLE{Nakajima2014,
   author = {{Nakajima}, K. and {Ouchi}, M.},
    title = "{Ionization state of inter-stellar medium in galaxies: evolution, SFR-M$_{*}$-Z dependence, and ionizing photon escape}",
  journal = {\mnras},
archivePrefix = "arXiv",
   eprint = {1309.0207},
 keywords = {galaxies: abundances, galaxies: evolution, galaxies: high-redshift, galaxies: ISM},
     year = 2014,
    month = jul,
   volume = 442,
    pages = {900-916},
      doi = {10.1093/mnras/stu902},
   adsurl = {http://adsabs.harvard.edu/abs/2014MNRAS.442..900N},
  adsnote = {Provided by the SAO/NASA Astrophysics Data System}
}


@ARTICLE{Nestor2013,
   author = {{Nestor}, D.~B. and {Shapley}, A.~E. and {Kornei}, K.~A. and 
	{Steidel}, C.~C. and {Siana}, B.},
    title = "{A Refined Estimate of the Ionizing Emissivity from Galaxies at z \~{}= 3: Spectroscopic Follow-up in the SSA22a Field}",
  journal = {\apj},
archivePrefix = "arXiv",
   eprint = {1210.2393},
 keywords = {cosmology: observations, diffuse radiation, galaxies: high-redshift, intergalactic medium},
     year = 2013,
    month = mar,
   volume = 765,
      eid = {47},
    pages = {47},
      doi = {10.1088/0004-637X/765/1/47},
   adsurl = {http://adsabs.harvard.edu/abs/2013ApJ...765...47N},
  adsnote = {Provided by the SAO/NASA Astrophysics Data System}
}

@ARTICLE{Neufeldt1990,
   author = {{Neufeld}, D.~A.},
    title = "{The transfer of resonance-line radiation in static astrophysical media}",
  journal = {\apj},
 keywords = {Hydrogen Atoms, Interstellar Gas, Radiative Transfer, Resonance Lines, Computational Astrophysics, Partial Differential Equations, Statics},
     year = 1990,
    month = feb,
   volume = 350,
    pages = {216-241},
      doi = {10.1086/168375},
   adsurl = {http://adsabs.harvard.edu/abs/1990ApJ...350..216N},
  adsnote = {Provided by the SAO/NASA Astrophysics Data System}
}

@ARTICLE{Neufeldt1991,
   author = {{Neufeld}, D.~A.},
    title = "{The escape of Lyman-alpha radiation from a multiphase interstellar medium}",
  journal = {\apjl},
 keywords = {Galactic Radiation, Interstellar Matter, Lyman Alpha Radiation, Radiative Transfer, Radio Sources (Astronomy), Continuous Radiation, Eddington Approximation, Interstellar Extinction},
     year = 1991,
    month = apr,
   volume = 370,
    pages = {L85-L88},
      doi = {10.1086/185983},
   adsurl = {http://adsabs.harvard.edu/abs/1991ApJ...370L..85N},
  adsnote = {Provided by the SAO/NASA Astrophysics Data System}
}


@Misc{NIST_ASD,
       author = {A.~Kramida and {Yu.~Ralchenko} and J.~Reader and {and NIST ASD Team}},
 HOWPUBLISHED = {{NIST Atomic Spectra Database (ver. 5.1), [Online]. Available:
{\tt{http://physics.nist.gov/asd}} [2014, March 24]. National Institute of Standards and Technology, 
Gaithersburg, MD.}},
         year = {2013},
}


@article{NumPy,
   author = {Walt, Stéfan van der and Colbert, S. Chris and Varoquaux, Gaël},
   title = {The NumPy Array: A Structure for Efficient Numerical Computation},
   journal = {Computing in Science \& Engineering},
   year = {2011},
   volume = {13},
   number = {2}, 
   eid = {},
   pages = {22-30},
   url = {http://scitation.aip.org/content/aip/journal/cise/13/2/10.1109/MCSE.2011.37},
   doi = {http://dx.doi.org/10.1109/MCSE.2011.37} 
}

@BOOK{Osterbrock,
   author = {{Osterbrock}, D.~E. and {Ferland}, G.~J.},
    title = "{Astrophysics of gaseous nebulae and active galactic nuclei}",
 keywords = {GASEOUS NEBULAE, PHOTOIONIZATION, THERMAL EQUILIBRIUM, EMISSION SPECTRA, INTERSTELLAR DUST, H II REGIONS, PLANETARY NEBULAE, SUPERNOVA REMNANTS, ACTIVE GALACTIC NUCLEI},
booktitle = {Astrophysics of gaseous nebulae and active galactic nuclei, 2nd.~ed.~by D.E.~Osterbrock and G.J.~Ferland.~Sausalito, CA: University Science Books, 2006},
     year = 2006,
   adsurl = {http://adsabs.harvard.edu/abs/2006agna.book.....O},
  adsnote = {Provided by the SAO/NASA Astrophysics Data System}
}



@ARTICLE{Ostlin1999,
   author = {{{\"O}stlin}, G. and {Amram}, P. and {Masegosa}, J. and {Bergvall}, N. and 
	{Boulesteix}, J.},
    title = "{Dynamics of blue compact galaxies, as revealed by their H{$\alpha$} velocity fields. I. The data, velocity fields and rotation curves}",
  journal = {\aaps},
   eprint = {astro-ph/9812281},
 keywords = {GALAXIES: COMPACT, GALAXIES: STARBURST, GALAXIES: KINEMATICS AND DYNAMICS, GALAXIES: ISM, GALAXIES: INTERACTIONS},
     year = 1999,
    month = jun,
   volume = 137,
    pages = {419-444},
      doi = {10.1051/aas:1999488},
   adsurl = {http://adsabs.harvard.edu/abs/1999A%26AS..137..419O},
  adsnote = {Provided by the SAO/NASA Astrophysics Data System}
}



@ARTICLE{Ostlin1998,
   author = {{Oestlin}, G. and {Bergvall}, N. and {Roennback}, J.},
    title = "{Globular clusters in the blue compact galaxy ESO 338-IG04 (Tololo 1924-416), as tracers of the star formation history. Results from HST/WFPC2 observations}",
  journal = {\aap},
   eprint = {astro-ph/9804072},
 keywords = {GALAXIES: COMPACT, GALAXIES: STARBURST, GALAXIES: STAR CLUSTERS, GALAXIES: EVOLUTION, GALAXIES: INTERACTION, GALAXIES: INDIVIDUAL: ESO 338-IG04 TOL 1924-416},
     year = 1998,
    month = jul,
   volume = 335,
    pages = {85-112},
   adsurl = {http://adsabs.harvard.edu/abs/1998A%26A...335...85O},
  adsnote = {Provided by the SAO/NASA Astrophysics Data System}
}

@ARTICLE{Ostlin2001,
   author = {{{\"O}stlin}, G. and {Amram}, P. and {Bergvall}, N. and {Masegosa}, J. and 
	{Boulesteix}, J. and {M{\'a}rquez}, I.},
    title = "{Dynamics of blue compact galaxies, as revealed by their H{$\alpha$} velocity fields. II. Mass models and the starburst triggering mechanism}",
  journal = {\aap},
   eprint = {astro-ph/0106179},
 keywords = {GALAXIES: COMPACT, GALAXIES: STARBURST, GALAXIES: KINEMATICS AND DYNAMICS, GALAXIES: EVOLUTION, GALAXIES: FORMATION, GALAXIES: INTERACTIONS},
     year = 2001,
    month = aug,
   volume = 374,
    pages = {800-823},
      doi = {10.1051/0004-6361:20010832},
   adsurl = {http://adsabs.harvard.edu/abs/2001A%26A...374..800O},
  adsnote = {Provided by the SAO/NASA Astrophysics Data System}
}



@ARTICLE{Ostlin2003,
   author = {{{\"O}stlin}, G. and {Zackrisson}, E. and {Bergvall}, N. and 
	{R{\"o}nnback}, J.},
    title = "{The temporal and spatial evolution of the starburst in ESO 338-IG04 as probed by its star clusters}",
  journal = {\aap},
   eprint = {astro-ph/0306522},
 keywords = {galaxies: starburst, galaxies: star clusters, galaxies: dwarf, galaxies: individual: ESO 338-IG04},
     year = 2003,
    month = sep,
   volume = 408,
    pages = {887-903},
      doi = {10.1051/0004-6361:20030968},
   adsurl = {http://adsabs.harvard.edu/abs/2003A%26A...408..887O},
  adsnote = {Provided by the SAO/NASA Astrophysics Data System}
}


@ARTICLE{Ostlin2007,
   author = {{{\"O}stlin}, G. and {Cumming}, R.~J. and {Bergvall}, N.},
    title = "{Dynamical masses of two young globular clusters in the blue compact galaxy ESO 338-IG04}",
  journal = {\aap},
   eprint = {astro-ph/0609774},
 keywords = {galaxies: evolution, galaxies: individual: ESO338-IG04, (Tol 1924-416), galaxies: starburst, galaxies: star clusters, galaxies: stellar content},
     year = 2007,
    month = jan,
   volume = 461,
    pages = {471-483},
      doi = {10.1051/0004-6361:20054461},
   adsurl = {http://adsabs.harvard.edu/abs/2007A%26A...461..471O},
  adsnote = {Provided by the SAO/NASA Astrophysics Data System}
}


@ARTICLE{Ostlin2009,
   author = {{{\"O}stlin}, G. and {Hayes}, M. and {Kunth}, D. and {Mas-Hesse}, J.~M. and 
	{Leitherer}, C. and {Petrosian}, A. and {Atek}, H.},
    title = "{The Lyman Alpha Morphology of Local Starburst Galaxies: Release of Calibrated Images}",
  journal = {\aj},
archivePrefix = "arXiv",
   eprint = {0803.1174},
 keywords = {galaxies: individual: Haro 11 SBS 033596;052 IRAS 08339+6517 Tol 65 NGC6090 Tololo 1924-416, galaxies: ISM, galaxies: starburst, ultraviolet: galaxies},
     year = 2009,
    month = sep,
   volume = 138,
    pages = {923-940},
      doi = {10.1088/0004-6256/138/3/923},
   adsurl = {http://adsabs.harvard.edu/abs/2009AJ....138..923O},
  adsnote = {Provided by the SAO/NASA Astrophysics Data System}
}


@ARTICLE{Ostlin2015,
   author = {{{\"O}stlin}, G. and {Marquart}, T. and {Cumming}, R.~J. and 
	{Fathi}, K. and {Bergvall}, N. and {Adamo}, A. and {Amram}, P. and 
	{Hayes}, M.},
    title = "{Kinematics of Haro 11: The miniature Antennae}",
  journal = {\aap},
archivePrefix = "arXiv",
   eprint = {1508.00541},
 keywords = {galaxies: kinematics and dynamics, galaxies: interactions, galaxies: evolution, galaxies: individual: Haro 11, galaxies: starburst},
     year = 2015,
    month = nov,
   volume = 583,
      eid = {A55},
    pages = {A55},
      doi = {10.1051/0004-6361/201323233},
   adsurl = {http://adsabs.harvard.edu/abs/2015A%26A...583A..55O},
  adsnote = {Provided by the SAO/NASA Astrophysics Data System}
}

@ARTICLE{Ouchi2008,
   author = {{Ouchi}, M. and {Shimasaku}, K. and {Akiyama}, M. and {Simpson}, C. and 
	{Saito}, T. and {Ueda}, Y. and {Furusawa}, H. and {Sekiguchi}, K. and 
	{Yamada}, T. and {Kodama}, T. and {Kashikawa}, N. and {Okamura}, S. and 
	{Iye}, M. and {Takata}, T. and {Yoshida}, M. and {Yoshida}, M.
	},
    title = "{The Subaru/XMM-Newton Deep Survey (SXDS). IV. Evolution of Ly{$\alpha$} Emitters from z=3.1 to 5.7 in the 1 deg$^{2}$ Field: Luminosity Functions and AGN}",
  journal = {\apjs},
archivePrefix = "arXiv",
   eprint = {0707.3161},
 keywords = {Cosmology: Observations, Galaxies: Formation, Galaxies: High-Redshift},
     year = 2008,
    month = jun,
   volume = 176,
    pages = {301-330},
      doi = {10.1086/527673},
   adsurl = {http://adsabs.harvard.edu/abs/2008ApJS..176..301O},
  adsnote = {Provided by the SAO/NASA Astrophysics Data System}
}


@ARTICLE{Ouchi2013,
   author = {{Ouchi}, M. and {Ellis}, R. and {Ono}, Y. and {Nakanishi}, K. and 
	{Kohno}, K. and {Momose}, R. and {Kurono}, Y. and {Ashby}, M.~L.~N. and 
	{Shimasaku}, K. and {Willner}, S.~P. and {Fazio}, G.~G. and 
	{Tamura}, Y. and {Iono}, D.},
    title = "{An Intensely Star-forming Galaxy at z \~{} 7 with Low Dust and Metal Content Revealed by Deep ALMA and HST Observations}",
  journal = {\apj},
archivePrefix = "arXiv",
   eprint = {1306.3572},
 keywords = {cosmology: observations, galaxies: formation, galaxies: high-redshift},
     year = 2013,
    month = dec,
   volume = 778,
      eid = {102},
    pages = {102},
      doi = {10.1088/0004-637X/778/2/102},
   adsurl = {http://adsabs.harvard.edu/abs/2013ApJ...778..102O},
  adsnote = {Provided by the SAO/NASA Astrophysics Data System}
}


@ARTICLE{Overzier2008,
   author = {{Overzier}, R.~A. and {Heckman}, T.~M. and {Kauffmann}, G. and 
	{Seibert}, M. and {Rich}, R.~M. and {Basu-Zych}, A. and {Lotz}, J. and 
	{Aloisi}, A. and {Charlot}, S. and {Hoopes}, C. and {Martin}, D.~C. and 
	{Schiminovich}, D. and {Madore}, B.},
    title = "{Hubble Space Telescope Morphologies of Local Lyman Break Galaxy Analogs. I. Evidence for Starbursts Triggered by Merging}",
  journal = {\apj},
archivePrefix = "arXiv",
   eprint = {0709.3304},
 keywords = {cosmology: observations, early universe, galaxies: high-redshift, galaxies: starburst},
     year = 2008,
    month = apr,
   volume = 677,
      eid = {37-62},
    pages = {37-62},
      doi = {10.1086/529134},
   adsurl = {http://adsabs.harvard.edu/abs/2008ApJ...677...37O},
  adsnote = {Provided by the SAO/NASA Astrophysics Data System}
}


@ARTICLE{Overzier2009,
   author = {{Overzier}, R.~A. and {Heckman}, T.~M. and {Tremonti}, C. and 
	{Armus}, L. and {Basu-Zych}, A. and {Gon{\c c}alves}, T. and 
	{Rich}, R.~M. and {Martin}, D.~C. and {Ptak}, A. and {Schiminovich}, D. and 
	{Ford}, H.~C. and {Madore}, B. and {Seibert}, M.},
    title = "{Local Lyman Break Galaxy Analogs: The Impact of Massive Star-Forming Clumps on the Interstellar Medium and the Global Structure of Young, Forming Galaxies}",
  journal = {\apj},
archivePrefix = "arXiv",
   eprint = {0910.1352},
 keywords = {galaxies: active, galaxies: bulges, galaxies: high-redshift, galaxies: peculiar, galaxies: starburst},
     year = 2009,
    month = nov,
   volume = 706,
    pages = {203-222},
      doi = {10.1088/0004-637X/706/1/203},
   adsurl = {http://adsabs.harvard.edu/abs/2009ApJ...706..203O},
  adsnote = {Provided by the SAO/NASA Astrophysics Data System}
}


@InProceedings{Pandas,
  author    = { Wes McKinney },
  title     = { Data Structures for Statistical Computing in Python },
  booktitle = { Proceedings of the 9th Python in Science Conference },
  pages     = { 51 - 56 },
  year      = { 2010 },
  editor    = { St\'efan van der Walt and Jarrod Millman }
}


@ARTICLE{Pardy2016arXiv,
   author = {{Pardy}, S.~A. and {Cannon}, J.~M. and {{\"O}stlin}, G. and 
	{Hayes}, M. and {Bergvall}, N.},
    title = "{Detection of HI in Emission in the Lyman Alpha Emitting Galaxy Haro 11}",
  journal = {ArXiv e-prints},
archivePrefix = "arXiv",
   eprint = {1609.04020},
 keywords = {Astrophysics - Astrophysics of Galaxies},
     year = 2016,
    month = sep,
   adsurl = {http://adsabs.harvard.edu/abs/2016arXiv160904020P},
  adsnote = {Provided by the SAO/NASA Astrophysics Data System}
}

@ARTICLE{Patricio2016,
   author = {{Patr{\'{\i}}cio}, V. and {Richard}, J. and {Verhamme}, A. and 
	{Wisotzki}, L. and {Brinchmann}, J. and {Turner}, M.~L. and 
	{Christensen}, L. and {Weilbacher}, P.~M. and {Blaizot}, J. and 
	{Bacon}, R. and {Contini}, T. and {Lagattuta}, D. and {Cantalupo}, S. and 
	{Cl{\'e}ment}, B. and {Soucail}, G.},
    title = "{A young star-forming galaxy at z = 3.5 with an extended Lyman {$\alpha$} halo seen with MUSE}",
  journal = {\mnras},
archivePrefix = "arXiv",
   eprint = {1512.01212},
 keywords = {techniques: imaging spectroscopy, galaxies: abundances, galaxies: high-redshift, galaxies: individual: SMACSJ2031.8-4036},
     year = 2016,
    month = mar,
   volume = 456,
    pages = {4191-4208},
      doi = {10.1093/mnras/stv2859},
   adsurl = {http://adsabs.harvard.edu/abs/2016MNRAS.456.4191P},
  adsnote = {Provided by the SAO/NASA Astrophysics Data System}
}



@ARTICLE{Pentericci2009,
   author = {{Pentericci}, L. and {Grazian}, A. and {Fontana}, A. and {Castellano}, M. and 
	{Giallongo}, E. and {Salimbeni}, S. and {Santini}, P.},
    title = "{The physical properties of Ly{$\alpha$} emitting galaxies: not just primeval galaxies?}",
  journal = {\aap},
archivePrefix = "arXiv",
   eprint = {0811.1861},
 keywords = {galaxies: evolution, galaxies: high-redshift, galaxies: fundamental parameters},
     year = 2009,
    month = feb,
   volume = 494,
    pages = {553-561},
      doi = {10.1051/0004-6361:200810722},
   adsurl = {http://adsabs.harvard.edu/abs/2009A%26A...494..553P},
  adsnote = {Provided by the SAO/NASA Astrophysics Data System}
}

@ARTICLE{Petitjean1996,
   author = {{Petitjean}, P. and {P{\'e}contal}, E. and {Valls-Gabaud}, D. and 
	{Chariot}, S.},
    title = "{A companion to a quasar at redshift z = 4.7}",
  journal = {\nat},
   eprint = {astro-ph/9603088},
     year = 1996,
    month = apr,
   volume = 380,
    pages = {411-413},
      doi = {10.1038/380411a0},
   adsurl = {http://adsabs.harvard.edu/abs/1996Natur.380..411P},
  adsnote = {Provided by the SAO/NASA Astrophysics Data System}
}

@ARTICLE{Pettini2002,
   author = {{Pettini}, M. and {Rix}, S.~A. and {Steidel}, C.~C. and {Adelberger}, K.~L. and 
	{Hunt}, M.~P. and {Shapley}, A.~E.},
    title = "{New Observations of the Interstellar Medium in the Lyman Break Galaxy MS 1512-cB58}",
  journal = {\apj},
   eprint = {astro-ph/0110637},
 keywords = {Cosmology: Observations, Galaxies: Evolution, Galaxies: Individual: Alphanumeric: MS 1512-cB58, Galaxies: Starburst},
     year = 2002,
    month = apr,
   volume = 569,
    pages = {742-757},
      doi = {10.1086/339355},
   adsurl = {http://adsabs.harvard.edu/abs/2002ApJ...569..742P},
  adsnote = {Provided by the SAO/NASA Astrophysics Data System}
}


@ARTICLE{Prestwich2015,
   author = {{Prestwich}, A.~H. and {Jackson}, F. and {Kaaret}, P. and {Brorby}, M. and 
	{Roberts}, T.~P. and {Saar}, S.~H. and {Yukita}, M.},
    title = "{Ultra-luminous X-Ray Sources in HARO II and the Role of X-Ray Binaries in Feedback in Ly{$\alpha$} Emitting Galaxies}",
  journal = {\apj},
archivePrefix = "arXiv",
   eprint = {1507.07900},
 primaryClass = "astro-ph.HE",
 keywords = {galaxies: clusters: general, galaxies: dwarf, galaxies: starburst, X-rays: binaries, X-rays: galaxies},
     year = 2015,
    month = oct,
   volume = 812,
      eid = {166},
    pages = {166},
      doi = {10.1088/0004-637X/812/2/166},
   adsurl = {http://adsabs.harvard.edu/abs/2015ApJ...812..166P},
  adsnote = {Provided by the SAO/NASA Astrophysics Data System}
}


@ARTICLE{Prochaska2011,
   author = {{Prochaska}, J.~X. and {Kasen}, D. and {Rubin}, K.},
    title = "{Simple Models of Metal-line Absorption and Emission from Cool Gas Outflows}",
  journal = {\apj},
archivePrefix = "arXiv",
   eprint = {1102.3444},
 primaryClass = "astro-ph.GA",
 keywords = {galaxies: formation},
     year = 2011,
    month = jun,
   volume = 734,
      eid = {24},
    pages = {24},
      doi = {10.1088/0004-637X/734/1/24},
   adsurl = {http://adsabs.harvard.edu/abs/2011ApJ...734...24P},
  adsnote = {Provided by the SAO/NASA Astrophysics Data System}
}


@ARTICLE{PyNeb2015,
   author = {{Luridiana}, V. and {Morisset}, C. and {Shaw}, R.~A.},
    title = "{PyNeb: a new tool for analyzing emission lines. I. Code description and validation of results}",
  journal = {\aap},
archivePrefix = "arXiv",
   eprint = {1410.6662},
 primaryClass = "astro-ph.IM",
 keywords = {methods: numerical, atomic data, Hii regions, planetary nebulae: general, ISM: abundances},
     year = 2015,
    month = jan,
   volume = 573,
      eid = {A42},
    pages = {A42},
      doi = {10.1051/0004-6361/201323152},
   adsurl = {http://adsabs.harvard.edu/abs/2015A%26A...573A..42L},
  adsnote = {Provided by the SAO/NASA Astrophysics Data System}
}



@ARTICLE{Quider2009,
   author = {{Quider}, A.~M. and {Pettini}, M. and {Shapley}, A.~E. and {Steidel}, C.~C.
	},
    title = "{The ultraviolet spectrum of the gravitationally lensed galaxy `the Cosmic Horseshoe': a close-up of a star-forming galaxy at z \~{} 2}",
  journal = {\mnras},
archivePrefix = "arXiv",
   eprint = {0906.2412},
 primaryClass = "astro-ph.CO",
 keywords = {galaxies: evolution , galaxies: individual: Cosmic Horseshoe , galaxies: starburst , cosmology: observations},
     year = 2009,
    month = sep,
   volume = 398,
    pages = {1263-1278},
      doi = {10.1111/j.1365-2966.2009.15234.x},
   adsurl = {http://adsabs.harvard.edu/abs/2009MNRAS.398.1263Q},
  adsnote = {Provided by the SAO/NASA Astrophysics Data System}
}


@Manual{Rproject,
  title = {R: A Language and Environment for Statistical Computing},
  author = {{R Core Team}},
  organization = {R Foundation for Statistical Computing},
  address = {Vienna, Austria},
  year = {2015},
  url = {https://www.R-project.org/},
}



@ARTICLE{RiveraThorsen2015,
   author = {{Rivera-Thorsen}, T.~E. and {Hayes}, M. and {{\"O}stlin}, G. and 
	{Duval}, F. and {Orlitov{\'a}}, I. and {Verhamme}, A. and {Mas-Hesse}, J.~M. and 
	{Schaerer}, D. and {Cannon}, J.~M. and {Ot{\'{\i}}-Floranes}, H. and 
	{Sandberg}, A. and {Guaita}, L. and {Adamo}, A. and {Atek}, H. and 
	{Herenz}, E.~C. and {Kunth}, D. and {Laursen}, P. and {Melinder}, J.
	},
    title = "{The Lyman Alpha Reference Sample. V. The Impact of Neutral ISM Kinematics and Geometry on Ly{$\alpha$} Escape}",
  journal = {\apj},
archivePrefix = "arXiv",
   eprint = {1503.01157},
 keywords = {cosmology: observations, galaxies: ISM, galaxies: kinematics and dynamics, galaxies: starburst},
     year = 2015,
    month = may,
   volume = 805,
      eid = {14},
    pages = {14},
      doi = {10.1088/0004-637X/805/1/14},
   adsurl = {http://adsabs.harvard.edu/abs/2015ApJ...805...14R},
  adsnote = {Provided by the SAO/NASA Astrophysics Data System}
}


@ARTICLE{Robertson2013,
   author = {{Robertson}, B.~E. and {Furlanetto}, S.~R. and {Schneider}, E. and 
	{Charlot}, S. and {Ellis}, R.~S. and {Stark}, D.~P. and {McLure}, R.~J. and 
	{Dunlop}, J.~S. and {Koekemoer}, A. and {Schenker}, M.~A. and 
	{Ouchi}, M. and {Ono}, Y. and {Curtis-Lake}, E. and {Rogers}, A.~B. and 
	{Bowler}, R.~A.~A. and {Cirasuolo}, M.},
    title = "{New Constraints on Cosmic Reionization from the 2012 Hubble Ultra Deep Field Campaign}",
  journal = {\apj},
archivePrefix = "arXiv",
   eprint = {1301.1228},
 primaryClass = "astro-ph.CO",
 keywords = {dark ages, reionization, first stars, galaxies: evolution, galaxies: formation},
     year = 2013,
    month = may,
   volume = 768,
      eid = {71},
    pages = {71},
      doi = {10.1088/0004-637X/768/1/71},
   adsurl = {http://adsabs.harvard.edu/abs/2013ApJ...768...71R},
  adsnote = {Provided by the SAO/NASA Astrophysics Data System}
}



@ARTICLE{Sandberg2013,
   author = {{Sandberg}, A. and {{\"O}stlin}, G. and {Hayes}, M. and {Fathi}, K. and 
	{Schaerer}, D. and {Mas-Hesse}, J.~M. and {Rivera-Thorsen}, T.
	},
    title = "{Neutral gas in Lyman-alpha emitting galaxies Haro 11 and ESO 338-IG04 measured through sodium absorption}",
  journal = {\aap},
archivePrefix = "arXiv",
   eprint = {1303.2011},
 primaryClass = "astro-ph.GA",
 keywords = {galaxies: kinematics and dynamics, galaxies: ISM, galaxies: starburst, galaxies: individual: Haro 11, galaxies: individual: ESO 338-IG04},
     year = 2013,
    month = apr,
   volume = 552,
      eid = {A95},
    pages = {A95},
      doi = {10.1051/0004-6361/201220702},
   adsurl = {http://adsabs.harvard.edu/abs/2013A%26A...552A..95S},
  adsnote = {Provided by the SAO/NASA Astrophysics Data System}
}


@ARTICLE{Savage1991,
   author = {{Savage}, B.~D. and {Sembach}, K.~R.},
    title = "{The analysis of apparent optical depth profiles for interstellar absorption lines}",
  journal = {\apj},
 keywords = {Absorption Spectra, Interstellar Extinction, Interstellar Matter, Line Spectra, Optical Thickness, Ultraviolet Spectra, Computerized Simulation, Error Analysis, Iue, Spectrum Analysis},
     year = 1991,
    month = sep,
   volume = 379,
    pages = {245-259},
      doi = {10.1086/170498},
   adsurl = {http://adsabs.harvard.edu/abs/1991ApJ...379..245S},
  adsnote = {Provided by the SAO/NASA Astrophysics Data System}
}



@ARTICLE{Scarlata2009,
   author = {{Scarlata}, C. and {Colbert}, J. and {Teplitz}, H.~I. and {Panagia}, N. and 
	{Hayes}, M. and {Siana}, B. and {Rau}, A. and {Francis}, P. and 
	{Caon}, A. and {Pizzella}, A. and {Bridge}, C.},
    title = "{The Effect of Dust Geometry on the Ly{$\alpha$} Output of Galaxies}",
  journal = {\apjl},
archivePrefix = "arXiv",
   eprint = {0909.3847},
 primaryClass = "astro-ph.CO",
 keywords = {galaxies: ISM, ISM: structure},
     year = 2009,
    month = oct,
   volume = 704,
    pages = {L98-L102},
      doi = {10.1088/0004-637X/704/2/L98},
   adsurl = {http://adsabs.harvard.edu/abs/2009ApJ...704L..98S},
  adsnote = {Provided by the SAO/NASA Astrophysics Data System}
}

@ARTICLE{Scarlata2015,
   author = {{Scarlata}, C. and {Panagia}, N.},
    title = "{A Semi-analytical Line Transfer Model to Interpret the Spectra of Galaxy Outflows}",
  journal = {\apj},
archivePrefix = "arXiv",
   eprint = {1501.07282},
 keywords = {galaxies: ISM, galaxies: starburst, ISM: jets and outflows},
     year = 2015,
    month = mar,
   volume = 801,
      eid = {43},
    pages = {43},
      doi = {10.1088/0004-637X/801/1/43},
   adsurl = {http://adsabs.harvard.edu/abs/2015ApJ...801...43S},
  adsnote = {Provided by the SAO/NASA Astrophysics Data System}
}

@ARTICLE{Schlegel1998,
   author = {{Schlegel}, D.~J. and {Finkbeiner}, D.~P. and {Davis}, M.},
    title = "{Maps of Dust Infrared Emission for Use in Estimation of Reddening and Cosmic Microwave Background Radiation Foregrounds}",
  journal = {\apj},
   eprint = {astro-ph/9710327},
 keywords = {COSMOLOGY: DIFFUSE RADIATION, COSMOLOGY: COSMIC MICROWAVE BACKGROUND, ISM: DUST, EXTINCTION, INTERPLANETARY MEDIUM, INFRARED: ISM: CONTINUUM, Cosmology: Cosmic Microwave Background, Cosmology: Diffuse Radiation, ISM: Dust, Extinction, Infrared: ISM: Continuum, Interplanetary Medium},
     year = 1998,
    month = jun,
   volume = 500,
    pages = {525-553},
      doi = {10.1086/305772},
   adsurl = {http://adsabs.harvard.edu/abs/1998ApJ...500..525S},
  adsnote = {Provided by the SAO/NASA Astrophysics Data System}
}

@Misc{SciPy,
  author =    {Eric Jones and Travis Oliphant and Pearu Peterson and others},
  title =     {{SciPy}: Open source scientific tools for {Python}},
  year =      {2001--},
  url = "http://www.scipy.org/",
  note = {[Online; accessed 2014-11-25]}
}

@ARTICLE{Shapley2003,
   author = {{Shapley}, A.~E. and {Steidel}, C.~C. and {Pettini}, M. and 
	{Adelberger}, K.~L.},
    title = "{Rest-Frame Ultraviolet Spectra of z\~{}3 Lyman Break Galaxies}",
  journal = {\apj},
   eprint = {astro-ph/0301230},
 keywords = {Cosmology: Observations, Galaxies: Evolution, Galaxies: High-Redshift, Galaxies: Starburst},
     year = 2003,
    month = may,
   volume = 588,
    pages = {65-89},
      doi = {10.1086/373922},
   adsurl = {http://adsabs.harvard.edu/abs/2003ApJ...588...65S},
  adsnote = {Provided by the SAO/NASA Astrophysics Data System}
}


@INPROCEEDINGS{Sherpa2007,
   author = {{Doe}, S. and {Nguyen}, D. and {Stawarz}, C. and {Refsdal}, B. and 
	{Siemiginowska}, A. and {Burke}, D. and {Evans}, I. and {Evans}, J. and 
	{McDowell}, J. and {Houck}, J. and {Nowak}, M.},
    title = "{Developing Sherpa with Python}",
booktitle = {Astronomical Data Analysis Software and Systems XVI},
     year = 2007,
   series = {Astronomical Society of the Pacific Conference Series},
   volume = 376,
   editor = {{Shaw}, R.~A. and {Hill}, F. and {Bell}, D.~J.},
    month = oct,
    pages = {543},
   adsurl = {http://adsabs.harvard.edu/abs/2007ASPC..376..543D},
  adsnote = {Provided by the SAO/NASA Astrophysics Data System}
}


@ARTICLE{Siana2010,
   author = {{Siana}, B. and {Teplitz}, H.~I. and {Ferguson}, H.~C. and {Brown}, T.~M. and 
	{Giavalisco}, M. and {Dickinson}, M. and {Chary}, R.-R. and 
	{de Mello}, D.~F. and {Conselice}, C.~J. and {Bridge}, C.~R. and 
	{Gardner}, J.~P. and {Colbert}, J.~W. and {Scarlata}, C.},
    title = "{A Deep Hubble Space Telescope Search for Escaping Lyman Continuum Flux at z \~{} 1.3: Evidence for an Evolving Ionizing Emissivity}",
  journal = {\apj},
archivePrefix = "arXiv",
   eprint = {1001.3412},
 keywords = {intergalactic medium, galaxies: high-redshift, galaxies: starburst, ultraviolet: galaxies},
     year = 2010,
    month = nov,
   volume = 723,
    pages = {241-250},
      doi = {10.1088/0004-637X/723/1/241},
   adsurl = {http://adsabs.harvard.edu/abs/2010ApJ...723..241S},
  adsnote = {Provided by the SAO/NASA Astrophysics Data System}
}

@ARTICLE{Song2014,
   author = {{Song}, M. and {Finkelstein}, S.~L. and {Gebhardt}, K. and {Hill}, G.~J. and 
	{Drory}, N. and {Ashby}, M.~L.~N. and {Blanc}, G.~A. and {Bridge}, J. and 
	{Chonis}, T. and {Ciardullo}, R. and {Fabricius}, M. and {Fazio}, G.~G. and 
	{Gawiser}, E. and {Gronwall}, C. and {Hagen}, A. and {Huang}, J.-S. and 
	{Jogee}, S. and {Livermore}, R. and {Salmon}, B. and {Schneider}, D.~P. and 
	{Willner}, S.~P. and {Zeimann}, G.~R.},
    title = "{The HETDEX Pilot Survey. V. The Physical Origin of Ly{$\alpha$} Emitters Probed by Near-infrared Spectroscopy}",
  journal = {\apj},
archivePrefix = "arXiv",
   eprint = {1406.4503},
 keywords = {galaxies: evolution, galaxies: high-redshift, galaxies: ISM},
     year = 2014,
    month = aug,
   volume = 791,
      eid = {3},
    pages = {3},
      doi = {10.1088/0004-637X/791/1/3},
   adsurl = {http://adsabs.harvard.edu/abs/2014ApJ...791....3S},
  adsnote = {Provided by the SAO/NASA Astrophysics Data System}
}


@BOOK{Spitzer1978,
   author = {{Spitzer}, L.},
    title = "{Physical processes in the interstellar medium}",
 keywords = {Astrophysics, Interstellar Chemistry, Interstellar Matter, Dissociation, Excitation, Gravitational Effects, H Ii Regions, Ionization, Optical Properties, Polarized Electromagnetic Radiation, Radiative Transfer, Shock Waves, Thermodynamic Equilibrium},
booktitle = {New York Wiley-Interscience, 1978.~333 p.},
     year = 1978,
   adsurl = {http://adsabs.harvard.edu/abs/1978ppim.book.....S},
  adsnote = {Provided by the SAO/NASA Astrophysics Data System}
}

@INPROCEEDINGS{Statsmodels2010,
  title={Statsmodels: Econometric and Statistical Modeling with Python},
  author={Seabold, J.S. and Perktold, J.},
  booktitle={Proceedings of the 9th Python in Science Conference},
  url={http://statsmodels.sourceforge.net},
  year={2010}
}

@ARTICLE{Steidel2010,
   author = {{Steidel}, C.~C. and {Erb}, D.~K. and {Shapley}, A.~E. and {Pettini}, M. and 
	{Reddy}, N. and {Bogosavljevi{\'c}}, M. and {Rudie}, G.~C. and 
	{Rakic}, O.},
    title = "{The Structure and Kinematics of the Circumgalactic Medium from Far-ultraviolet Spectra of z \~{}= 2-3 Galaxies}",
  journal = {\apj},
archivePrefix = "arXiv",
   eprint = {1003.0679},
 keywords = {cosmology: observations, galaxies: evolution, galaxies: high-redshift},
     year = 2010,
    month = jul,
   volume = 717,
    pages = {289-322},
      doi = {10.1088/0004-637X/717/1/289},
   adsurl = {http://adsabs.harvard.edu/abs/2010ApJ...717..289S},
  adsnote = {Provided by the SAO/NASA Astrophysics Data System}
}


@ARTICLE{Steidel2011,
   author = {{Steidel}, C.~C. and {Bogosavljevi{\'c}}, M. and {Shapley}, A.~E. and 
	{Kollmeier}, J.~A. and {Reddy}, N.~A. and {Erb}, D.~K. and {Pettini}, M.
	},
    title = "{Diffuse Ly{$\alpha$} Emitting Halos: A Generic Property of High-redshift Star-forming Galaxies}",
  journal = {\apj},
archivePrefix = "arXiv",
   eprint = {1101.2204},
 primaryClass = "astro-ph.CO",
 keywords = {cosmology: observations, galaxies: evolution, galaxies: high-redshift},
     year = 2011,
    month = aug,
   volume = 736,
      eid = {160},
    pages = {160},
      doi = {10.1088/0004-637X/736/2/160},
   adsurl = {http://adsabs.harvard.edu/abs/2011ApJ...736..160S},
  adsnote = {Provided by the SAO/NASA Astrophysics Data System}
}



@ARTICLE{Strickland2009,
   author = {{Strickland}, D.~K. and {Heckman}, T.~M.},
    title = "{Supernova Feedback Efficiency and Mass Loading in the Starburst and Galactic Superwind Exemplar M82}",
  journal = {\apj},
archivePrefix = "arXiv",
   eprint = {0903.4175},
 primaryClass = "astro-ph.CO",
 keywords = {galaxies: halos, galaxies: individual: NGC 3034 (M82), galaxies: starburst, intergalactic medium, ISM: bubbles, X-rays: galaxies},
     year = 2009,
    month = jun,
   volume = 697,
    pages = {2030-2056},
      doi = {10.1088/0004-637X/697/2/2030},
   adsurl = {http://adsabs.harvard.edu/abs/2009ApJ...697.2030S},
  adsnote = {Provided by the SAO/NASA Astrophysics Data System}
}


@ARTICLE{Stritzinger2014,
   author = {{Stritzinger}, M.~D. and {Hsiao}, E. and {Valenti}, S. and {Taddia}, F. and 
	{Rivera-Thorsen}, T.~J. and {Leloudas}, G. and {Maeda}, K. and 
	{Pastorello}, A. and {Phillips}, M.~M. and {Pignata}, G. and 
	{Baron}, E. and {Burns}, C.~R. and {Contreras}, C. and {Folatelli}, G. and 
	{Hamuy}, M. and {H{\"o}flich}, P. and {Morrell}, N. and {Prieto}, J.~L. and 
	{Benetti}, S. and {Campillay}, A. and {Haislip}, J.~B. and {LaClutze}, A.~P. and 
	{Moore}, J.~P. and {Reichart}, D.~E.},
    title = "{Optical and near-IR observations of the faint and fast 2008ha-like supernova 2010ae}",
  journal = {\aap},
archivePrefix = "arXiv",
   eprint = {1311.4525},
 primaryClass = "astro-ph.HE",
 keywords = {supernovae: general, supernovae: individual: SN 2008ha, supernovae: individual: SN 2010ae},
     year = 2014,
    month = jan,
   volume = 561,
      eid = {A146},
    pages = {A146},
      doi = {10.1051/0004-6361/201322889},
   adsurl = {http://adsabs.harvard.edu/abs/2014A%26A...561A.146S},
  adsnote = {Provided by the SAO/NASA Astrophysics Data System}
}


@ARTICLE{TenorioTagle99,
   author = {{Tenorio-Tagle}, G. and {Silich}, S.~A. and {Kunth}, D. and 
	{Terlevich}, E. and {Terlevich}, R.},
    title = "{The evolution of superbubbles and the detection of Ly{$\alpha$} in star-forming galaxies}",
  journal = {\mnras},
   eprint = {astro-ph/9905324},
     year = 1999,
    month = oct,
   volume = 309,
    pages = {332-342},
      doi = {10.1046/j.1365-8711.1999.02809.x},
   adsurl = {http://adsabs.harvard.edu/abs/1999MNRAS.309..332T},
  adsnote = {Provided by the SAO/NASA Astrophysics Data System}
}


@ARTICLE{UVES2003,
   author = {{Hanuschik}, R.~W.},
    title = "{A flux-calibrated, high-resolution atlas of optical sky emission from UVES}",
  journal = {\aap},
 keywords = {line: identification, atomic data, atmospheric effects, atlases, techniques: spectroscopic},
     year = 2003,
    month = sep,
   volume = 407,
    pages = {1157-1164},
      doi = {10.1051/0004-6361:20030885},
   adsurl = {http://adsabs.harvard.edu/abs/2003A%26A...407.1157H},
  adsnote = {Provided by the SAO/NASA Astrophysics Data System}
}


@ARTICLE{Vader1993,
   author = {{Vader}, J.~P. and {Frogel}, J.~A. and {Terndrup}, D.~M. and 
	{Heisler}, C.~A.},
    title = "{Galaxies with spectral energy distributions peaking near 60 micrometers. 1: Optical spectroscopy, infrared photometry, and radio continuum data}",
  journal = {\aj},
 keywords = {Continuums, Galactic Radiation, Infrared Photometry, Near Infrared Radiation, Radio Spectra, Spectral Energy Distribution, Visible Spectrum, Astronomical Catalogs, H Ii Regions, Infrared Astronomy Satellite, Optical Emission Spectroscopy, Radiant Flux Density, Seyfert Galaxies},
     year = 1993,
    month = nov,
   volume = 106,
    pages = {1743-1770},
      doi = {10.1086/116762},
   adsurl = {http://adsabs.harvard.edu/abs/1993AJ....106.1743V},
  adsnote = {Provided by the SAO/NASA Astrophysics Data System}
}


@ARTICLE{Vanzella2010,
   author = {{Vanzella}, E. and {Giavalisco}, M. and {Inoue}, A.~K. and {Nonino}, M. and 
	{Fontanot}, F. and {Cristiani}, S. and {Grazian}, A. and {Dickinson}, M. and 
	{Stern}, D. and {Tozzi}, P. and {Giallongo}, E. and {Ferguson}, H. and 
	{Spinrad}, H. and {Boutsia}, K. and {Fontana}, A. and {Rosati}, P. and 
	{Pentericci}, L.},
    title = "{The Great Observatories Origins Deep Survey: Constraints on the Lyman Continuum Escape Fraction Distribution of Lyman-break Galaxies at 3.4 $\lt$ z $\lt$ 4.5}",
  journal = {\apj},
archivePrefix = "arXiv",
   eprint = {1009.1140},
 keywords = {diffuse radiation, galaxies: distances and redshifts, galaxies: evolution, galaxies: high-redshift, intergalactic medium},
     year = 2010,
    month = dec,
   volume = 725,
    pages = {1011-1031},
      doi = {10.1088/0004-637X/725/1/1011},
   adsurl = {http://adsabs.harvard.edu/abs/2010ApJ...725.1011V},
  adsnote = {Provided by the SAO/NASA Astrophysics Data System}
}


@ARTICLE{Vanzella2012,
   author = {{Vanzella}, E. and {Guo}, Y. and {Giavalisco}, M. and {Grazian}, A. and 
	{Castellano}, M. and {Cristiani}, S. and {Dickinson}, M. and 
	{Fontana}, A. and {Nonino}, M. and {Giallongo}, E. and {Pentericci}, L. and 
	{Galametz}, A. and {Faber}, S.~M. and {Ferguson}, H.~C. and 
	{Grogin}, N.~A. and {Koekemoer}, A.~M. and {Newman}, J. and 
	{Siana}, B.~D.},
    title = "{On the Detection of Ionizing Radiation Arising from Star-forming Galaxies at Redshift z \~{} 3-4: Looking for Analogs of ''Stellar Re-ionizers''}",
  journal = {\apj},
archivePrefix = "arXiv",
   eprint = {1201.5642},
 keywords = {galaxies: distances and redshifts, galaxies: formation, galaxies: high-redshift},
     year = 2012,
    month = may,
   volume = 751,
      eid = {70},
    pages = {70},
      doi = {10.1088/0004-637X/751/1/70},
   adsurl = {http://adsabs.harvard.edu/abs/2012ApJ...751...70V},
  adsnote = {Provided by the SAO/NASA Astrophysics Data System}
}

@ARTICLE{Verhamme2006,
   author = {{Verhamme}, A. and {Schaerer}, D. and {Maselli}, A.},
    title = "{3D Ly{$\alpha$} radiation transfer. I. Understanding Ly{$\alpha$} line profile morphologies}",
  journal = {\aap},
   eprint = {astro-ph/0608075},
 keywords = {galaxies: starburst, galaxies: ISM, galaxies: high-redshift, utraviolet: galaxies, radiative transfer, line: profiles},
     year = 2006,
    month = dec,
   volume = 460,
    pages = {397-413},
      doi = {10.1051/0004-6361:20065554},
   adsurl = {http://adsabs.harvard.edu/abs/2006A%26A...460..397V},
  adsnote = {Provided by the SAO/NASA Astrophysics Data System}
}


@ARTICLE{Verhamme2008,
   author = {{Verhamme}, A. and {Schaerer}, D. and {Atek}, H. and {Tapken}, C.
	},
    title = "{3D Ly{$\alpha$} radiation transfer. III. Constraints on gas and stellar properties of z \~{} 3 Lyman break galaxies (LBG) and implications for high-z LBGs and Ly{$\alpha$} emitters}",
  journal = {\aap},
archivePrefix = "arXiv",
   eprint = {0805.3601},
 keywords = {line: profiles, radiative transfer, galaxies: starburst, galaxies: ISM, galaxies: high-redshift, ultraviolet: galaxies},
     year = 2008,
    month = nov,
   volume = 491,
    pages = {89-111},
      doi = {10.1051/0004-6361:200809648},
   adsurl = {http://adsabs.harvard.edu/abs/2008A%26A...491...89V},
  adsnote = {Provided by the SAO/NASA Astrophysics Data System}
}


@ARTICLE{Verhamme2014,
   author = {{Verhamme}, A. and {Orlitova}, I. and {Schaerer}, D. and {Hayes}, M.
	},
    title = "{On the use of Lyman-alpha to detect Lyman continuum leaking galaxies}",
  journal = {ArXiv e-prints},
archivePrefix = "arXiv",
   eprint = {1404.2958},
 keywords = {Astrophysics - Astrophysics of Galaxies},
     year = 2014,
    month = apr,
   adsurl = {http://adsabs.harvard.edu/abs/2014arXiv1404.2958V},
  adsnote = {Provided by the SAO/NASA Astrophysics Data System}
}


@ARTICLE{Verhamme2015,
   author = {{Verhamme}, A. and {Orlitov{\'a}}, I. and {Schaerer}, D. and 
	{Hayes}, M.},
    title = "{Using Lyman-{$\alpha$} to detect galaxies that leak Lyman continuum}",
  journal = {\aap},
archivePrefix = "arXiv",
   eprint = {1404.2958},
 keywords = {line: profiles, radiative transfer, galaxies: ISM, ultraviolet: galaxies, galaxies: kinematics and dynamics, galaxies: star clusters: general},
     year = 2015,
    month = jun,
   volume = 578,
      eid = {A7},
    pages = {A7},
      doi = {10.1051/0004-6361/201423978},
   adsurl = {http://adsabs.harvard.edu/abs/2015A%26A...578A...7V},
  adsnote = {Provided by the SAO/NASA Astrophysics Data System}
}


@ARTICLE{Wofford2013,
   author = {{Wofford}, A. and {Leitherer}, C. and {Salzer}, J.},
    title = "{Ly{$\alpha$} Escape from z \~{} 0.03 Star-forming Galaxies: The Dominant Role of Outflows}",
  journal = {\apj},
archivePrefix = "arXiv",
   eprint = {1301.7285},
 primaryClass = "astro-ph.CO",
 keywords = {galaxies: evolution, galaxies: ISM, galaxies: starburst, galaxies: stellar content, ultraviolet: galaxies},
     year = 2013,
    month = mar,
   volume = 765,
      eid = {118},
    pages = {118},
      doi = {10.1088/0004-637X/765/2/118},
   adsurl = {http://adsabs.harvard.edu/abs/2013ApJ...765..118W},
  adsnote = {Provided by the SAO/NASA Astrophysics Data System}
}


@ARTICLE{Xia2012,
   author = {{Xia}, L. and {Malhotra}, S. and {Rhoads}, J. and {Pirzkal}, N. and 
	{Straughn}, A. and {Finkelstein}, S. and {Cohen}, S. and {Kuntschner}, H. and 
	{K{\"u}mmel}, M. and {Walsh}, J. and {Windhorst}, R.~A. and 
	{O'Connell}, R.},
    title = "{Metallicities of Emission-line Galaxies from HST ACS PEARS and HST WFC3 ERS Grism Spectroscopy at 0.6 {\lt} z {\lt} 2.4}",
  journal = {\aj},
archivePrefix = "arXiv",
   eprint = {1205.3172},
 keywords = {galaxies: abundances, galaxies: evolution, galaxies: starburst, galaxies: star formation, galaxies: statistics},
     year = 2012,
    month = jul,
   volume = 144,
      eid = {28},
    pages = {28},
      doi = {10.1088/0004-6256/144/1/28},
   adsurl = {http://adsabs.harvard.edu/abs/2012AJ....144...28X},
  adsnote = {Provided by the SAO/NASA Astrophysics Data System}
}


@ARTICLE{Xshooter2011,
   author = {{Vernet}, J. and {Dekker}, H. and {D'Odorico}, S. and {Kaper}, L. 
	and {Kjaergaard}, P. and {Hammer}, F. and {Randich}, S. and {Zerbi}, F. 
	and {Groot}, P.~J. and {Hjorth}, J. and {Guinouard}, I. and 
	{Navarro}, R. and {Adolfse}, T. and {Albers}, P.~W. and {Amans}, J.-P. 
	and {Andersen}, J.~J. and {Andersen}, M.~I. and {Binetruy}, P. and 
	{Bristow}, P. and {Castillo}, R. and {Chemla}, F. and {Christensen}, L. 
	and {Conconi}, P. and {Conzelmann}, R. and {Dam}, J. and {de Caprio}, V. 
	and {de Ugarte Postigo}, A. and {Delabre}, B. and {di Marcantonio}, P. 
	and {Downing}, M. and {Elswijk}, E. and {Finger}, G. and {Fischer}, G. 
	and {Flores}, H. and {Fran{\c c}ois}, P. and {Goldoni}, P. and 
	{Guglielmi}, L. and {Haigron}, R. and {Hanenburg}, H. and {Hendriks}, I. 
	and {Horrobin}, M. and {Horville}, D. and {Jessen}, N.~C. 
	and {Kerber}, F. and {Kern}, L. and {Kiekebusch}, M. and {Kleszcz}, P. 
	and {Klougart}, J. and {Kragt}, J. and {Larsen}, H.~H. and 
	{Lizon}, J.-L. and {Lucuix}, C. and {Mainieri}, V. and {Manuputy}, R. 
	and {Martayan}, C. and {Mason}, E. and {Mazzoleni}, R. and 
	{Michaelsen}, N. and {Modigliani}, A. and {Moehler}, S. and 
	{M{\o}ller}, P. and {Norup S{\o}rensen}, A. and {N{\o}rregaard}, P. and 
	{P{\'e}roux}, C. and {Patat}, F. and {Pena}, E. and {Pragt}, J. and 
	{Reinero}, C. and {Rigal}, F. and {Riva}, M. and {Roelfsema}, R. and 
	{Royer}, F. and {Sacco}, G. and {Santin}, P. and {Schoenmaker}, T. and 
	{Spano}, P. and {Sweers}, E. and {Ter Horst}, R. and {Tintori}, M. and 
	{Tromp}, N. and {van Dael}, P. and {van der Vliet}, H. and {Venema}, L. 
	and {Vidali}, M. and {Vinther}, J. and {Vola}, P. and {Winters}, R. and 
	{Wistisen}, D. and {Wulterkens}, G. and {Zacchei}, A.},
    title = "{X-shooter, the new wide band intermediate resolution spectrograph at the ESO Very Large Telescope}",
  journal = {\aap},
archivePrefix = "arXiv",
   eprint = {1110.1944},
 primaryClass = "astro-ph.IM",
 keywords = {instrumentation: spectrographs},
     year = 2011,
    month = dec,
   volume = 536,
      eid = {A105},
    pages = {A105},
      doi = {10.1051/0004-6361/201117752},
   adsurl = {http://adsabs.harvard.edu/abs/2011A%26A...536A.105V},
  adsnote = {Provided by the SAO/NASA Astrophysics Data System}
}




@ARTICLE{Yang2015,
   author = {{Yang}, H. and {Malhotra}, S. and {Gronke}, M. and {Rhoads}, J.~E. and 
	{Jaskot}, A. and {Zheng}, Z. and {Dijkstra}, M.},
    title = "{Green Pea Galaxies Reveal Secrets of Ly\$$\backslash$alpha\$ Escape}",
  journal = {ArXiv e-prints},
archivePrefix = "arXiv",
   eprint = {1506.02885},
 keywords = {Astrophysics - Astrophysics of Galaxies},
     year = 2015,
    month = jun,
   adsurl = {http://adsabs.harvard.edu/abs/2015arXiv150602885Y},
  adsnote = {Provided by the SAO/NASA Astrophysics Data System}
}

@ARTICLE{Zackrisson2013,
   author = {{Zackrisson}, E. and {Inoue}, A.~K. and {Jensen}, H.},
    title = "{The Spectral Evolution of the First Galaxies. II. Spectral Signatures of Lyman Continuum Leakage from Galaxies in the Reionization Epoch}",
  journal = {\apj},
archivePrefix = "arXiv",
   eprint = {1304.6404},
 keywords = {dark ages, reionization, first stars, galaxies: high-redshift, techniques: spectroscopic},
     year = 2013,
    month = nov,
   volume = 777,
      eid = {39},
    pages = {39},
      doi = {10.1088/0004-637X/777/1/39},
   adsurl = {http://adsabs.harvard.edu/abs/2013ApJ...777...39Z},
  adsnote = {Provided by the SAO/NASA Astrophysics Data System}
}
